<?xml version="1.0" encoding="UTF-8"?>
<!DOCTYPE html PUBLIC "-//W3C//DTD XHTML 1.0 Transitional//EN"
    "http://www.w3.org/TR/xhtml1/DTD/xhtml1-transitional.dtd">
<html xmlns="http://www.w3.org/1999/xhtml" xml:lang="en" lang="en">
 <head>
  <title>
</title>
<meta http-equiv="Content-Type" content="text/html;charset=utf-8" />
  <meta name='ocr-system' content='tesseract 3.04.00' />
  <meta name='ocr-capabilities' content='ocr_page ocr_carea ocr_par ocr_line ocrx_word'/>
</head>
<body>
  <div class='ocr_page' id='page_1' title='image "./tragoediaerecens00seneuoft_0150.png"; bbox 0 0 1618 2554; ppageno 0'>
   <div class='ocr_carea' id='block_1_1' title="bbox 128 130 1062 182">
    <p class='ocr_par' dir='ltr' id='par_1_1' title="bbox 128 130 1062 182">
     <span class='ocr_line' id='line_1_1' title="bbox 128 130 1062 182; baseline -0.018 1"><span class='ocrx_word' id='word_1_1' title='bbox 128 138 217 182; x_wconf 85' lang='lat'>104</span> <span class='ocrx_word' id='word_1_2' title='bbox 562 134 601 171; x_wconf 81' lang='lat' dir='ltr'>L.</span> <span class='ocrx_word' id='word_1_3' title='bbox 623 132 814 171; x_wconf 77' lang='lat' dir='ltr'>ANNAEI</span> <span class='ocrx_word' id='word_1_4' title='bbox 840 130 1062 169; x_wconf 76' lang='lat' dir='ltr'>SENECAE</span> 
     </span>
    </p>
   </div>
   <div class='ocr_carea' id='block_1_2' title="bbox 83 230 1365 2032">
    <p class='ocr_par' dir='ltr' id='par_1_2' title="bbox 83 230 1365 1320">
     <span class='ocr_line' id='line_1_2' title="bbox 127 230 1075 292; baseline -0.008 -11"><span class='ocrx_word' id='word_1_5' title='bbox 127 236 337 281; x_wconf 78' lang='lat' dir='ltr'>doceam?</span> <span class='ocrx_word' id='word_1_6' title='bbox 365 235 573 292; x_wconf 83' lang='lat' dir='ltr'>magister</span> <span class='ocrx_word' id='word_1_7' title='bbox 604 233 711 276; x_wconf 85' lang='lat' dir='ltr'>iuris</span> <span class='ocrx_word' id='word_1_8' title='bbox 744 235 787 275; x_wconf 85' lang='lat' dir='ltr'>et</span> <span class='ocrx_word' id='word_1_9' title='bbox 818 232 979 277; x_wconf 85' lang='lat' dir='ltr'>amoris</span> <span class='ocrx_word' id='word_1_10' title='bbox 1010 230 1075 287; x_wconf 90' lang='lat' dir='ltr'>pii</span> 
     </span>
     <span class='ocr_line' id='line_1_3' title="bbox 128 292 1365 356; baseline -0.007 -15"><span class='ocrx_word' id='word_1_11' title='bbox 128 312 211 356; x_wconf 83' lang='lat' dir='ltr'>ego</span> <span class='ocrx_word' id='word_1_12' title='bbox 243 296 369 340; x_wconf 76' lang='lat' dir='ltr'>sum?</span> <span class='ocrx_word' id='word_1_13' title='bbox 400 309 597 338; x_wconf 88' lang='lat' dir='ltr'>meorum</span> <span class='ocrx_word' id='word_1_14' title='bbox 628 293 872 337; x_wconf 82' lang='lat' dir='ltr'><strong>facinorum</strong></span> <span class='ocrx_word' id='word_1_15' title='bbox 905 292 1104 348; x_wconf 82' lang='lat' dir='ltr'>exempla</span> <span class='ocrx_word' id='word_1_16' title='bbox 1134 292 1365 348; x_wconf 83' lang='lat' dir='ltr'>appetunt,</span> 
     </span>
     <span class='ocr_line' id='line_1_4' title="bbox 127 350 1248 411; baseline -0.007 -9"><span class='ocrx_word' id='word_1_17' title='bbox 127 373 198 402; x_wconf 88' lang='lat' dir='ltr'>me</span> <span class='ocrx_word' id='word_1_18' title='bbox 228 372 345 400; x_wconf 87' lang='lat' dir='ltr'>nunc</span> <span class='ocrx_word' id='word_1_19' title='bbox 377 357 599 411; x_wconf 80' lang='lat' dir='ltr'>secuntur3</span> <span class='ocrx_word' id='word_1_20' title='bbox 630 353 760 397; x_wconf 86' lang='lat' dir='ltr'>laudo</span> <span class='ocrx_word' id='word_1_21' title='bbox 793 356 836 396; x_wconf 86' lang='lat' dir='ltr'>et</span> <span class='ocrx_word' id='word_1_22' title='bbox 868 366 1056 411; x_wconf 84' lang='lat' dir='ltr'>agnosco</span> <span class='ocrx_word' id='word_1_23' title='bbox 1088 350 1248 408; x_wconf 85' lang='lat' dir='ltr'>libens,</span> 
     </span>
     <span class='ocr_line' id='line_1_5' title="bbox 129 413 1303 474; baseline -0.006 -12"><span class='ocrx_word' id='word_1_24' title='bbox 129 417 348 474; x_wconf 72' lang='lat' dir='ltr'><strong>exhortor,</strong></span> <span class='ocrx_word' id='word_1_25' title='bbox 380 415 544 473; x_wconf 87' lang='lat' dir='ltr'>aliquid</span> <span class='ocrx_word' id='word_1_26' title='bbox 574 418 624 458; x_wconf 88' lang='lat' dir='ltr'>ut</span> <span class='ocrx_word' id='word_1_27' title='bbox 655 417 779 472; x_wconf 86' lang='lat' dir='ltr'>patre</span> <span class='ocrx_word' id='word_1_28' title='bbox 810 414 893 457; x_wconf 86' lang='lat' dir='ltr'>hoc</span> <span class='ocrx_word' id='word_1_29' title='bbox 924 413 1106 470; x_wconf 83' lang='lat' dir='ltr'>dignum</span> <span class='ocrx_word' id='word_1_30' title='bbox 1138 413 1303 470; x_wconf 81' lang='lat' dir='ltr'>gerant.</span> 
     </span>
     <span class='ocr_line' id='line_1_6' title="bbox 129 472 1206 536; baseline -0.006 -14"><span class='ocrx_word' id='word_1_31' title='bbox 129 479 263 536; x_wconf 81' lang='lat' dir='ltr'>agite,</span> <span class='ocrx_word' id='word_1_32' title='bbox 295 492 320 521; x_wconf 96' lang='lat' dir='ltr'>o</span> <span class='ocrx_word' id='word_1_33' title='bbox 353 490 548 534; x_wconf 80' lang='lat' dir='ltr'>propago</span> <span class='ocrx_word' id='word_1_34' title='bbox 580 489 696 531; x_wconf 81' lang='lat' dir='ltr'>cara,</span> <span class='ocrx_word' id='word_1_35' title='bbox 727 489 982 533; x_wconf 79' lang='lat' dir='ltr'>generosam</span> <span class='ocrx_word' id='word_1_36' title='bbox 1013 472 1206 517; x_wconf 80' lang='lat' dir='ltr'>indolem</span> 
     </span>
     <span class='ocr_line' id='line_1_7' title="bbox 127 535 1113 596; baseline -0.006 -13"><span class='ocrx_word' id='word_1_37' title='bbox 127 538 311 596; x_wconf 82' lang='lat' dir='ltr'>probate</span> <span class='ocrx_word' id='word_1_38' title='bbox 341 538 486 593; x_wconf 83' lang='lat' dir='ltr'>factis,</span> <span class='ocrx_word' id='word_1_39' title='bbox 519 535 702 594; x_wconf 85' lang='lat' dir='ltr'>gloriam</span> <span class='ocrx_word' id='word_1_40' title='bbox 734 549 784 579; x_wconf 84' lang='lat' dir='ltr'>ac</span> <span class='ocrx_word' id='word_1_41' title='bbox 814 535 963 579; x_wconf 79' lang='lat' dir='ltr'>laudes</span> <span class='ocrx_word' id='word_1_42' title='bbox 995 548 1113 578; x_wconf 84' lang='lat' dir='ltr'>meas</span> 
     </span>
     <span class='ocr_line' id='line_1_8' title="bbox 130 594 1322 656; baseline -0.005 -13"><span class='ocrx_word' id='word_1_43' title='bbox 130 601 332 656; x_wconf 87' lang='lat' dir='ltr'>superate</span> <span class='ocrx_word' id='word_1_44' title='bbox 362 600 407 641; x_wconf 89' lang='lat' dir='ltr'>et</span> <span class='ocrx_word' id='word_1_45' title='bbox 437 597 603 654; x_wconf 87' lang='lat' dir='ltr'>aliquid</span> <span class='ocrx_word' id='word_1_46' title='bbox 633 596 763 640; x_wconf 88' lang='lat' dir='ltr'>facite</span> <span class='ocrx_word' id='word_1_47' title='bbox 794 598 972 653; x_wconf 85' lang='lat' dir='ltr'>propter</span> <span class='ocrx_word' id='word_1_48' title='bbox 1003 594 1121 652; x_wconf 87' lang='lat' dir='ltr'>quod</span> <span class='ocrx_word' id='word_1_49' title='bbox 1151 596 1322 652; x_wconf 79' lang='lat' dir='ltr'>patrem</span> 
     </span>
     <span class='ocr_line' id='line_1_9' title="bbox 83 657 1014 712; baseline -0.005 -8"><span class='ocrx_word' id='word_1_50' title='bbox 83 678 88 684; x_wconf 81' lang='lat'><em>·</em></span> <span class='ocrx_word' id='word_1_51' title='bbox 130 659 271 704; x_wconf 83' lang='lat' dir='ltr'>adhuc</span> <span class='ocrx_word' id='word_1_52' title='bbox 302 660 420 702; x_wconf 81' lang='lat' dir='ltr'>iuvet</span> <span class='ocrx_word' id='word_1_53' title='bbox 451 658 622 701; x_wconf 81' lang='lat' dir='ltr'>vixisse.</span> <span class='ocrx_word' id='word_1_54' title='bbox 683 657 872 712; x_wconf 84' lang='lat' dir='ltr'>facietis,</span> <span class='ocrx_word' id='word_1_55' title='bbox 904 657 1014 700; x_wconf 85' lang='lat' dir='ltr'>scio:</span> 
     </span>
     <span class='ocr_line' id='line_1_10' title="bbox 131 715 1165 776; baseline -0.005 -12"><span class='ocrx_word' id='word_1_56' title='bbox 131 721 194 764; x_wconf 88' lang='lat' dir='ltr'>sic</span> <span class='ocrx_word' id='word_1_57' title='bbox 225 721 328 764; x_wconf 88' lang='lat' dir='ltr'>estis</span> <span class='ocrx_word' id='word_1_58' title='bbox 362 719 456 762; x_wconf 79' lang='lat' dir='ltr'>orti.</span> <span class='ocrx_word' id='word_1_59' title='bbox 520 717 679 762; x_wconf 83' lang='lat' dir='ltr'>scelere</span> <span class='ocrx_word' id='word_1_60' title='bbox 711 717 891 776; x_wconf 82' lang='lat' dir='ltr'>defungi</span> <span class='ocrx_word' id='word_1_61' title='bbox 922 718 1029 760; x_wconf 84' lang='lat' dir='ltr'>haut</span> <span class='ocrx_word' id='word_1_62' title='bbox 1060 715 1165 772; x_wconf 80' lang='lat' dir='ltr'>levi,</span> 
     </span>
     <span class='ocr_line' id='line_1_11' title="bbox 132 778 1011 835; baseline -0.002 -12"><span class='ocrx_word' id='word_1_63' title='bbox 132 780 240 824; x_wconf 82' lang='lat' dir='ltr'>haut</span> <span class='ocrx_word' id='word_1_64' title='bbox 269 779 432 823; x_wconf 84' lang='lat' dir='ltr'>usitato</span> <span class='ocrx_word' id='word_1_65' title='bbox 465 781 587 822; x_wconf 84' lang='lat' dir='ltr'>tanta</span> <span class='ocrx_word' id='word_1_66' title='bbox 618 778 824 822; x_wconf 76' lang='lat' dir='ltr'>nobilitas</span> <span class='ocrx_word' id='word_1_67' title='bbox 854 780 1011 835; x_wconf 86' lang='lat' dir='ltr'>potest.</span> 
     </span>
     <span class='ocr_line' id='line_1_12' title="bbox 131 837 1183 896; baseline -0.004 -12"><span class='ocrx_word' id='word_1_68' title='bbox 131 841 240 884; x_wconf 86' lang='lat' dir='ltr'>ferte</span> <span class='ocrx_word' id='word_1_69' title='bbox 273 855 409 896; x_wconf 81' lang='lat' dir='ltr'>arma,</span> <span class='ocrx_word' id='word_1_70' title='bbox 440 839 607 882; x_wconf 69' lang='lat' dir='ltr'>facibus</span> <span class='ocrx_word' id='word_1_71' title='bbox 637 839 772 896; x_wconf 87' lang='lat' dir='ltr'>petite</span> <span class='ocrx_word' id='word_1_72' title='bbox 804 838 1047 895; x_wconf 77' lang='lat' dir='ltr'>penetrales</span> <span class='ocrx_word' id='word_1_73' title='bbox 1080 837 1183 880; x_wconf 90' lang='lat' dir='ltr'>deos</span> 
     </span>
     <span class='ocr_line' id='line_1_13' title="bbox 132 897 1099 958; baseline -0.003 -14"><span class='ocrx_word' id='word_1_74' title='bbox 132 901 388 958; x_wconf 84' lang='lat' dir='ltr'>frugemque</span> <span class='ocrx_word' id='word_1_75' title='bbox 419 900 594 943; x_wconf 83' lang='lat' dir='ltr'>flamma</span> <span class='ocrx_word' id='word_1_76' title='bbox 624 900 774 943; x_wconf 84' lang='lat' dir='ltr'>metite</span> <span class='ocrx_word' id='word_1_77' title='bbox 806 898 964 943; x_wconf 86' lang='lat' dir='ltr'>natalis</span> <span class='ocrx_word' id='word_1_78' title='bbox 998 897 1099 954; x_wconf 86' lang='lat' dir='ltr'>soli,</span> 
     </span>
     <span class='ocr_line' id='line_1_14' title="bbox 132 959 1173 1017; baseline -0.003 -12"><span class='ocrx_word' id='word_1_79' title='bbox 132 962 309 1005; x_wconf 88' lang='lat' dir='ltr'>miscete</span> <span class='ocrx_word' id='word_1_80' title='bbox 341 962 513 1016; x_wconf 83' lang='lat' dir='ltr'>cuncta,</span> <span class='ocrx_word' id='word_1_81' title='bbox 543 961 682 1017; x_wconf 89' lang='lat' dir='ltr'>rapite</span> <span class='ocrx_word' id='word_1_82' title='bbox 715 960 761 1003; x_wconf 90' lang='lat' dir='ltr'>in</span> <span class='ocrx_word' id='word_1_83' title='bbox 792 960 974 1003; x_wconf 81' lang='lat' dir='ltr'>exitium</span> <span class='ocrx_word' id='word_1_84' title='bbox 1008 959 1173 1014; x_wconf 85' lang='lat' dir='ltr'>omnia,</span> 
     </span>
     <span class='ocr_line' id='line_1_15' title="bbox 132 1019 1155 1078; baseline -0.002 -13"><span class='ocrx_word' id='word_1_85' title='bbox 132 1022 302 1065; x_wconf 79' lang='lat' dir='ltr'>disicite</span> <span class='ocrx_word' id='word_1_86' title='bbox 332 1021 493 1078; x_wconf 85' lang='lat' dir='ltr'>passim</span> <span class='ocrx_word' id='word_1_87' title='bbox 527 1021 716 1076; x_wconf 80' lang='lat' dir='ltr'>moenia,</span> <span class='ocrx_word' id='word_1_88' title='bbox 748 1020 794 1063; x_wconf 88' lang='lat' dir='ltr'>in</span> <span class='ocrx_word' id='word_1_89' title='bbox 825 1021 1005 1077; x_wconf 85' lang='lat' dir='ltr'>planum</span> <span class='ocrx_word' id='word_1_90' title='bbox 1037 1019 1155 1076; x_wconf 86' lang='lat' dir='ltr'>date,</span> 
     </span>
     <span class='ocr_line' id='line_1_16' title="bbox 132 1081 1083 1139; baseline -0.003 -13"><span class='ocrx_word' id='word_1_91' title='bbox 132 1083 309 1139; x_wconf 83' lang='lat' dir='ltr'>templis</span> <span class='ocrx_word' id='word_1_92' title='bbox 339 1082 443 1125; x_wconf 82' lang='lat' dir='ltr'>deos</span> <span class='ocrx_word' id='word_1_93' title='bbox 476 1081 664 1137; x_wconf 84' lang='lat' dir='ltr'>obruite,</span> <span class='ocrx_word' id='word_1_94' title='bbox 697 1081 937 1125; x_wconf 82' lang='lat' dir='ltr'>maculatos</span> <span class='ocrx_word' id='word_1_95' title='bbox 969 1081 1083 1124; x_wconf 81' lang='lat' dir='ltr'>lares</span> 
     </span>
     <span class='ocr_line' id='line_1_17' title="bbox 135 1141 1104 1198; baseline -0.002 -12"><span class='ocrx_word' id='word_1_96' title='bbox 135 1142 338 1198; x_wconf 84' lang='lat' dir='ltr'>conflate,</span> <span class='ocrx_word' id='word_1_97' title='bbox 370 1142 424 1184; x_wconf 85' lang='lat' dir='ltr'>ab</span> <span class='ocrx_word' id='word_1_98' title='bbox 456 1141 544 1184; x_wconf 84' lang='lat' dir='ltr'>imo</span> <span class='ocrx_word' id='word_1_99' title='bbox 576 1144 669 1185; x_wconf 88' lang='lat' dir='ltr'>tota</span> <span class='ocrx_word' id='word_1_100' title='bbox 700 1142 898 1186; x_wconf 83' lang='lat' dir='ltr'>considat</span> <span class='ocrx_word' id='word_1_101' title='bbox 931 1141 1104 1198; x_wconf 81' lang='lat' dir='ltr'>domus3</span> 
     </span>
     <span class='ocr_line' id='line_1_18' title="bbox 133 1201 1290 1259; baseline -0.002 -13"><span class='ocrx_word' id='word_1_102' title='bbox 133 1203 237 1246; x_wconf 85' lang='lat' dir='ltr'>urbs</span> <span class='ocrx_word' id='word_1_103' title='bbox 270 1205 566 1247; x_wconf 78' lang='lat' dir='ltr'>concremetur</span> <span class='ocrx_word' id='word_1_104' title='bbox 597 1228 657 1233; x_wconf 63' lang='lat'>„-</span> <span class='ocrx_word' id='word_1_105' title='bbox 688 1203 853 1259; x_wconf 83' lang='lat' dir='ltr'>primus</span> <span class='ocrx_word' id='word_1_106' title='bbox 886 1218 911 1245; x_wconf 86' lang='lat' dir='ltr'>a</span> <span class='ocrx_word' id='word_1_107' title='bbox 941 1201 1146 1246; x_wconf 79' lang='lat' dir='ltr'>thalamis</span> <span class='ocrx_word' id='word_1_108' title='bbox 1181 1201 1290 1245; x_wconf 84' lang='lat' dir='ltr'>meis</span> 
     </span>
     <span class='ocr_line' id='line_1_19' title="bbox 135 1263 474 1320; baseline -0.009 -12"><span class='ocrx_word' id='word_1_109' title='bbox 135 1263 319 1320; x_wconf 83' lang='lat' dir='ltr'>incipiat</span> <span class='ocrx_word' id='word_1_110' title='bbox 350 1263 474 1320; x_wconf 83' lang='lat' dir='ltr'>ignis.</span> 
     </span>
    </p>

    <p class='ocr_par' dir='ltr' id='par_1_3' title="bbox 135 1322 1296 2032">
     <span class='ocr_line' id='line_1_20' title="bbox 376 1322 1192 1380; baseline -0.001 -13"><span class='ocrx_word' id='word_1_111' title='bbox 376 1335 515 1367; x_wconf 77' lang='lat' dir='ltr'>NVNT.</span> <span class='ocrx_word' id='word_1_112' title='bbox 548 1322 677 1366; x_wconf 88' lang='lat' dir='ltr'>Mitte</span> <span class='ocrx_word' id='word_1_113' title='bbox 707 1324 948 1366; x_wconf 85' lang='lat' dir='ltr'>violentum</span> <span class='ocrx_word' id='word_1_114' title='bbox 980 1324 1192 1380; x_wconf 88' lang='lat' dir='ltr'>impetum</span> 
     </span>
     <span class='ocr_line' id='line_1_21' title="bbox 139 1382 1020 1439; baseline 0 -13"><span class='ocrx_word' id='word_1_115' title='bbox 139 1383 301 1427; x_wconf 79' lang='lat' dir='ltr'>doloris</span> <span class='ocrx_word' id='word_1_116' title='bbox 333 1398 384 1427; x_wconf 88' lang='lat' dir='ltr'>ac</span> <span class='ocrx_word' id='word_1_117' title='bbox 414 1388 458 1427; x_wconf 86' lang='lat' dir='ltr'>te</span> <span class='ocrx_word' id='word_1_118' title='bbox 489 1382 664 1439; x_wconf 85' lang='lat' dir='ltr'>publica</span> <span class='ocrx_word' id='word_1_119' title='bbox 695 1387 874 1427; x_wconf 81' lang='lat' dir='ltr'>exorent</span> <span class='ocrx_word' id='word_1_120' title='bbox 905 1384 1020 1427; x_wconf 87' lang='lat' dir='ltr'>mala</span> 
     </span>
     <span class='ocr_line' id='line_1_22' title="bbox 135 1443 1074 1501; baseline 0.001 -14"><span class='ocrx_word' id='word_1_121' title='bbox 135 1446 371 1500; x_wconf 78' lang='lat' dir='ltr'>auctorque</span> <span class='ocrx_word' id='word_1_122' title='bbox 402 1443 596 1499; x_wconf 81' lang='lat' dir='ltr'>placidae</span> <span class='ocrx_word' id='word_1_123' title='bbox 625 1444 775 1487; x_wconf 83' lang='lat' dir='ltr'>liberis</span> <span class='ocrx_word' id='word_1_124' title='bbox 806 1446 926 1501; x_wconf 84' lang='lat' dir='ltr'>pacis</span> <span class='ocrx_word' id='word_1_125' title='bbox 964 1445 1074 1488; x_wconf 79' lang='lat' dir='ltr'>veni.</span> 
     </span>
     <span class='ocr_line' id='line_1_23' title="bbox 137 1503 1284 1548; baseline 0 0"><span class='ocrx_word' id='word_1_126' title='bbox 137 1516 294 1548; x_wconf 84' lang='lat' dir='ltr'>OEDIP.</span> <span class='ocrx_word' id='word_1_127' title='bbox 326 1503 460 1547; x_wconf 86' lang='lat' dir='ltr'>Vides</span> <span class='ocrx_word' id='word_1_128' title='bbox 491 1505 710 1548; x_wconf 83' lang='lat' dir='ltr'>modestae</span> <span class='ocrx_word' id='word_1_129' title='bbox 743 1505 936 1548; x_wconf 85' lang='lat' dir='ltr'>deditum</span> <span class='ocrx_word' id='word_1_130' title='bbox 968 1505 1105 1548; x_wconf 88' lang='lat' dir='ltr'>menti</span> <span class='ocrx_word' id='word_1_131' title='bbox 1137 1519 1284 1548; x_wconf 84' lang='lat' dir='ltr'>senem</span> 
     </span>
     <span class='ocr_line' id='line_1_24' title="bbox 135 1564 1268 1622; baseline 0 -14"><span class='ocrx_word' id='word_1_132' title='bbox 135 1564 414 1621; x_wconf 79' lang='lat' dir='ltr'>placidaeque</span> <span class='ocrx_word' id='word_1_133' title='bbox 446 1568 662 1607; x_wconf 81' lang='lat' dir='ltr'>amantem</span> <span class='ocrx_word' id='word_1_134' title='bbox 694 1565 814 1621; x_wconf 86' lang='lat' dir='ltr'>pacis</span> <span class='ocrx_word' id='word_1_135' title='bbox 846 1565 899 1609; x_wconf 84' lang='lat' dir='ltr'>ad</span> <span class='ocrx_word' id='word_1_136' title='bbox 931 1569 1077 1622; x_wconf 79' lang='lat' dir='ltr'>partes</span> <span class='ocrx_word' id='word_1_137' title='bbox 1108 1564 1268 1609; x_wconf 78' lang='lat' dir='ltr'>vocas?</span> 
     </span>
     <span class='ocr_line' id='line_1_25' title="bbox 136 1625 1198 1682; baseline 0.001 -14"><span class='ocrx_word' id='word_1_138' title='bbox 136 1627 278 1669; x_wconf 88' lang='lat' dir='ltr'>tumet</span> <span class='ocrx_word' id='word_1_139' title='bbox 309 1626 478 1668; x_wconf 83' lang='lat' dir='ltr'>animus</span> <span class='ocrx_word' id='word_1_140' title='bbox 511 1625 593 1681; x_wconf 82' lang='lat' dir='ltr'>ira,</span> <span class='ocrx_word' id='word_1_141' title='bbox 623 1626 762 1668; x_wconf 84' lang='lat' dir='ltr'>fervet</span> <span class='ocrx_word' id='word_1_142' title='bbox 793 1627 1029 1669; x_wconf 74' lang='lat' dir='ltr'>immensus</span> <span class='ocrx_word' id='word_1_143' title='bbox 1062 1626 1198 1682; x_wconf 86' lang='lat' dir='ltr'>dolor,</span> 
     </span>
     <span class='ocr_line' id='line_1_26' title="bbox 137 1685 1296 1742; baseline 0.001 -14"><span class='ocrx_word' id='word_1_144' title='bbox 137 1685 364 1741; x_wconf 87' lang='lat' dir='ltr'>maiusque</span> <span class='ocrx_word' id='word_1_145' title='bbox 396 1699 526 1742; x_wconf 85' lang='lat' dir='ltr'>quam</span> <span class='ocrx_word' id='word_1_146' title='bbox 559 1685 675 1741; x_wconf 88' lang='lat' dir='ltr'>quod</span> <span class='ocrx_word' id='word_1_147' title='bbox 707 1701 829 1729; x_wconf 85' lang='lat' dir='ltr'>casus</span> <span class='ocrx_word' id='word_1_148' title='bbox 862 1689 906 1729; x_wconf 89' lang='lat' dir='ltr'>et</span> <span class='ocrx_word' id='word_1_149' title='bbox 936 1686 1142 1730; x_wconf 75' lang='lat' dir='ltr'>iuvenum</span> <span class='ocrx_word' id='word_1_150' title='bbox 1173 1686 1296 1729; x_wconf 85' lang='lat' dir='ltr'>furor</span> 
     </span>
     <span class='ocr_line' id='line_1_27' title="bbox 137 1745 1252 1802; baseline 0.001 -13"><span class='ocrx_word' id='word_1_151' title='bbox 137 1748 321 1789; x_wconf 81' lang='lat' dir='ltr'>conatur</span> <span class='ocrx_word' id='word_1_152' title='bbox 352 1745 514 1802; x_wconf 85' lang='lat' dir='ltr'>aliquid</span> <span class='ocrx_word' id='word_1_153' title='bbox 549 1747 691 1802; x_wconf 83' lang='lat' dir='ltr'>cupio.</span> <span class='ocrx_word' id='word_1_154' title='bbox 753 1761 842 1790; x_wconf 89' lang='lat' dir='ltr'>non</span> <span class='ocrx_word' id='word_1_155' title='bbox 873 1747 979 1790; x_wconf 82' lang='lat' dir='ltr'>satis</span> <span class='ocrx_word' id='word_1_156' title='bbox 1012 1750 1079 1791; x_wconf 86' lang='lat' dir='ltr'>est</span> <span class='ocrx_word' id='word_1_157' title='bbox 1109 1746 1252 1790; x_wconf 77' lang='lat' dir='ltr'>adhuc</span> 
     </span>
     <span class='ocr_line' id='line_1_28' title="bbox 139 1805 1079 1864; baseline 0 -14"><span class='ocrx_word' id='word_1_158' title='bbox 139 1805 265 1850; x_wconf 78' lang='lat' dir='ltr'>civile</span> <span class='ocrx_word' id='word_1_159' title='bbox 296 1805 478 1849; x_wconf 86' lang='lat' dir='ltr'>bellum:</span> <span class='ocrx_word' id='word_1_160' title='bbox 510 1805 644 1850; x_wconf 81' lang='lat' dir='ltr'>frater</span> <span class='ocrx_word' id='word_1_161' title='bbox 674 1806 720 1849; x_wconf 89' lang='lat' dir='ltr'>in</span> <span class='ocrx_word' id='word_1_162' title='bbox 752 1807 931 1851; x_wconf 85' lang='lat' dir='ltr'>fratrem</span> <span class='ocrx_word' id='word_1_163' title='bbox 963 1810 1079 1864; x_wconf 79' lang='lat' dir='ltr'>ruat3</span> 
     </span>
     <span class='ocr_line' id='line_1_29' title="bbox 136 1866 1216 1924; baseline 0.002 -14"><span class='ocrx_word' id='word_1_164' title='bbox 136 1881 219 1911; x_wconf 88' lang='lat' dir='ltr'>nec</span> <span class='ocrx_word' id='word_1_165' title='bbox 250 1866 335 1910; x_wconf 83' lang='lat' dir='ltr'>hoc</span> <span class='ocrx_word' id='word_1_166' title='bbox 366 1869 434 1909; x_wconf 80' lang='lat' dir='ltr'>sat</span> <span class='ocrx_word' id='word_1_167' title='bbox 464 1868 547 1909; x_wconf 84' lang='lat' dir='ltr'>est:</span> <span class='ocrx_word' id='word_1_168' title='bbox 581 1867 696 1922; x_wconf 83' lang='lat' dir='ltr'>quod</span> <span class='ocrx_word' id='word_1_169' title='bbox 729 1867 873 1924; x_wconf 85' lang='lat' dir='ltr'>debet,</span> <span class='ocrx_word' id='word_1_170' title='bbox 904 1871 955 1911; x_wconf 88' lang='lat' dir='ltr'>ut</span> <span class='ocrx_word' id='word_1_171' title='bbox 986 1869 1063 1911; x_wconf 85' lang='lat' dir='ltr'>fiat</span> <span class='ocrx_word' id='word_1_172' title='bbox 1094 1869 1216 1912; x_wconf 82' lang='lat' dir='ltr'>nefas</span> 
     </span>
     <span class='ocr_line' id='line_1_30' title="bbox 139 1927 1192 1983; baseline 0.001 -12"><span class='ocrx_word' id='word_1_173' title='bbox 139 1927 192 1971; x_wconf 81' lang='lat' dir='ltr'>(le</span> <span class='ocrx_word' id='word_1_174' title='bbox 223 1941 343 1971; x_wconf 84' lang='lat' dir='ltr'>more</span> <span class='ocrx_word' id='word_1_175' title='bbox 374 1927 543 1982; x_wconf 81' lang='lat' dir='ltr'>nostro,</span> <span class='ocrx_word' id='word_1_176' title='bbox 576 1927 692 1983; x_wconf 81' lang='lat' dir='ltr'>quod</span> <span class='ocrx_word' id='word_1_177' title='bbox 723 1943 842 1971; x_wconf 81' lang='lat' dir='ltr'>meos</span> <span class='ocrx_word' id='word_1_178' title='bbox 876 1927 1024 1972; x_wconf 83' lang='lat' dir='ltr'>deceat</span> <span class='ocrx_word' id='word_1_179' title='bbox 1054 1931 1192 1972; x_wconf 85' lang='lat' dir='ltr'>toros:</span> 
     </span>
     <span class='ocr_line' id='line_1_31' title="bbox 138 1986 1192 2032; baseline 0.002 -2"><span class='ocrx_word' id='word_1_180' title='bbox 138 1986 238 2031; x_wconf 83' lang='lat' dir='ltr'>date</span> <span class='ocrx_word' id='word_1_181' title='bbox 270 2002 390 2031; x_wconf 80' lang='lat' dir='ltr'>arma</span> <span class='ocrx_word' id='word_1_182' title='bbox 420 1986 560 2030; x_wconf 82' lang='lat' dir='ltr'>matri.</span> <span class='ocrx_word' id='word_1_183' title='bbox 622 2002 749 2031; x_wconf 86' lang='lat' dir='ltr'>nemo</span> <span class='ocrx_word' id='word_1_184' title='bbox 782 2004 851 2031; x_wconf 86' lang='lat' dir='ltr'>me</span> <span class='ocrx_word' id='word_1_185' title='bbox 883 2004 936 2032; x_wconf 83' lang='lat' dir='ltr'>ex</span> <span class='ocrx_word' id='word_1_186' title='bbox 967 1988 1037 2032; x_wconf 80' lang='lat' dir='ltr'>his</span> <span class='ocrx_word' id='word_1_187' title='bbox 1070 1992 1192 2032; x_wconf 84' lang='lat' dir='ltr'>eruat</span> 
     </span>
    </p>
   </div>
   <div class='ocr_carea' id='block_1_3' title="bbox 1431 239 1502 273">
    <p class='ocr_par' dir='ltr' id='par_1_4' title="bbox 1431 239 1502 273">
     <span class='ocr_line' id='line_1_32' title="bbox 1431 239 1502 273; baseline 0.014 -1"><span class='ocrx_word' id='word_1_188' title='bbox 1431 239 1502 273; x_wconf 81' lang='lat'>330</span> 
     </span>
    </p>
   </div>
   <div class='ocr_carea' id='block_1_4' title="bbox 1433 542 1503 576">
    <p class='ocr_par' dir='ltr' id='par_1_5' title="bbox 1433 542 1503 576">
     <span class='ocr_line' id='line_1_33' title="bbox 1433 542 1503 576; baseline 0 0"><span class='ocrx_word' id='word_1_189' title='bbox 1433 542 1503 576; x_wconf 81' lang='lat'>335</span> 
     </span>
    </p>
   </div>
   <div class='ocr_carea' id='block_1_5' title="bbox 1434 847 1506 881">
    <p class='ocr_par' dir='ltr' id='par_1_6' title="bbox 1434 847 1506 881">
     <span class='ocr_line' id='line_1_34' title="bbox 1434 847 1506 881; baseline 0.028 -2"><span class='ocrx_word' id='word_1_190' title='bbox 1434 847 1506 881; x_wconf 83' lang='lat'>340</span> 
     </span>
    </p>
   </div>
   <div class='ocr_carea' id='block_1_6' title="bbox 1436 1149 1507 1183">
    <p class='ocr_par' dir='ltr' id='par_1_7' title="bbox 1436 1149 1507 1183">
     <span class='ocr_line' id='line_1_35' title="bbox 1436 1149 1507 1183; baseline -0.014 0"><span class='ocrx_word' id='word_1_191' title='bbox 1436 1149 1507 1183; x_wconf 78' lang='lat'>346</span> 
     </span>
    </p>
   </div>
   <div class='ocr_carea' id='block_1_7' title="bbox 1439 1513 1510 1547">
    <p class='ocr_par' dir='ltr' id='par_1_8' title="bbox 1439 1513 1510 1547">
     <span class='ocr_line' id='line_1_36' title="bbox 1439 1513 1510 1547; baseline 0 0"><span class='ocrx_word' id='word_1_192' title='bbox 1439 1513 1510 1547; x_wconf 78' lang='lat'>350</span> 
     </span>
    </p>
   </div>
   <div class='ocr_carea' id='block_1_8' title="bbox 1442 1817 1512 1850">
    <p class='ocr_par' dir='ltr' id='par_1_9' title="bbox 1442 1817 1512 1850">
     <span class='ocr_line' id='line_1_37' title="bbox 1442 1817 1512 1850; baseline 0 -1"><span class='ocrx_word' id='word_1_193' title='bbox 1442 1817 1512 1850; x_wconf 79' lang='lat'>355</span> 
     </span>
    </p>
   </div>
   <div class='ocr_carea' id='block_1_9' title="bbox 141 2081 1518 2423">
    <p class='ocr_par' dir='ltr' id='par_1_10' title="bbox 141 2081 1518 2423">
     <span class='ocr_line' id='line_1_38' title="bbox 239 2081 1516 2132; baseline 0.002 -15"><span class='ocrx_word' id='word_1_194' title='bbox 239 2084 307 2117; x_wconf 74' lang='lat'>881</span> <span class='ocrx_word' id='word_1_195' title='bbox 332 2081 506 2127; x_wconf 82' lang='lat' dir='ltr'>exempla</span> <span class='ocrx_word' id='word_1_196' title='bbox 536 2081 747 2119; x_wconf 83' lang='lat' dir='ltr'>facinorum</span> <span class='ocrx_word' id='word_1_197' title='bbox 773 2085 803 2118; x_wconf 77' lang='grc' dir='ltr'><strong>Δ</strong></span> <span class='ocrx_word' id='word_1_198' title='bbox 845 2085 858 2129; x_wconf 74' lang='lat' dir='ltr'>n</span> <span class='ocrx_word' id='word_1_199' title='bbox 901 2087 972 2119; x_wconf 78' lang='lat'>334</span> <span class='ocrx_word' id='word_1_200' title='bbox 998 2083 1102 2120; x_wconf 82' lang='lat' dir='ltr'>clara</span> <span class='ocrx_word' id='word_1_201' title='bbox 1127 2087 1157 2118; x_wconf 83' lang='grc' dir='ltr'><strong>Δ</strong></span> <span class='ocrx_word' id='word_1_202' title='bbox 1200 2086 1212 2131; x_wconf 77' lang='lat' dir='ltr'>u</span> <span class='ocrx_word' id='word_1_203' title='bbox 1255 2087 1326 2120; x_wconf 76' lang='grc'>388</span> <span class='ocrx_word' id='word_1_204' title='bbox 1356 2085 1424 2120; x_wconf 80' lang='lat' dir='ltr'>aut</span> <span class='ocrx_word' id='word_1_205' title='bbox 1448 2087 1478 2119; x_wconf 76' lang='grc' dir='ltr'>Ε</span> <span class='ocrx_word' id='word_1_206' title='bbox 1502 2082 1516 2132; x_wconf 81' lang='grc' dir='ltr'>ΙΙ</span> 
     </span>
     <span class='ocr_line' id='line_1_39' title="bbox 142 2130 1516 2177; baseline 0.002 -11"><span class='ocrx_word' id='word_1_207' title='bbox 142 2133 214 2167; x_wconf 75' lang='lat'>340</span> <span class='ocrx_word' id='word_1_208' title='bbox 247 2130 438 2177; x_wconf 77' lang='lat' dir='ltr'>penetries</span> <span class='ocrx_word' id='word_1_209' title='bbox 470 2133 498 2165; x_wconf 75' lang='lat' dir='ltr'>E</span> <span class='ocrx_word' id='word_1_210' title='bbox 542 2130 553 2175; x_wconf 78' lang='grc' dir='ltr'>Η</span> <span class='ocrx_word' id='word_1_211' title='bbox 597 2133 663 2165; x_wconf 80' lang='grc'>841</span> <span class='ocrx_word' id='word_1_212' title='bbox 695 2130 924 2177; x_wconf 77' lang='lat' dir='ltr'>frigiamque</span> <span class='ocrx_word' id='word_1_213' title='bbox 961 2131 1152 2168; x_wconf 85' lang='lat' dir='ltr'>flammam</span> <span class='ocrx_word' id='word_1_214' title='bbox 1192 2134 1231 2169; x_wconf 87' lang='lat' dir='ltr'>et</span> <span class='ocrx_word' id='word_1_215' title='bbox 1267 2132 1406 2169; x_wconf 76' lang='lat' dir='ltr'>etei-ias</span> <span class='ocrx_word' id='word_1_216' title='bbox 1443 2131 1516 2169; x_wconf 72' lang='lat' dir='ltr'>tali</span> 
     </span>
     <span class='ocr_line' id='line_1_40' title="bbox 143 2177 1517 2225; baseline 0.001 -10"><span class='ocrx_word' id='word_1_217' title='bbox 143 2177 215 2215; x_wconf 77' lang='lat' dir='ltr'>soli</span> <span class='ocrx_word' id='word_1_218' title='bbox 240 2182 269 2214; x_wconf 78' lang='lat' dir='ltr'>E</span> <span class='ocrx_word' id='word_1_219' title='bbox 301 2180 314 2225; x_wconf 90' lang='grc' dir='ltr'>ΙΙ</span> <span class='ocrx_word' id='word_1_220' title='bbox 345 2181 416 2213; x_wconf 73' lang='lat'>342</span> <span class='ocrx_word' id='word_1_221' title='bbox 441 2177 597 2214; x_wconf 83' lang='lat' dir='ltr'>exilium</span> <span class='ocrx_word' id='word_1_222' title='bbox 623 2181 654 2212; x_wconf 76' lang='grc' dir='ltr'>Δ.</span> <span class='ocrx_word' id='word_1_223' title='bbox 683 2180 696 2224; x_wconf 65' lang='lat'>{1</span> <span class='ocrx_word' id='word_1_224' title='bbox 733 2182 802 2215; x_wconf 77' lang='lat'>343</span> <span class='ocrx_word' id='word_1_225' title='bbox 830 2179 999 2216; x_wconf 81' lang='lat' dir='ltr'>dissicite</span> <span class='ocrx_word' id='word_1_226' title='bbox 1025 2185 1053 2215; x_wconf 83' lang='grc' dir='ltr'>Ε</span> <span class='ocrx_word' id='word_1_227' title='bbox 1081 2180 1216 2216; x_wconf 82' lang='lat' dir='ltr'>discite</span> <span class='ocrx_word' id='word_1_228' title='bbox 1242 2184 1292 2215; x_wconf 60' lang='lat' dir='ltr'>Ar</span> <span class='ocrx_word' id='word_1_229' title='bbox 1321 2193 1395 2218; x_wconf 77' lang='lat' dir='ltr'>exc.</span> <span class='ocrx_word' id='word_1_230' title='bbox 1416 2183 1448 2216; x_wconf 69' lang='lat' dir='ltr'>E</span> <span class='ocrx_word' id='word_1_231' title='bbox 1467 2182 1517 2217; x_wconf 88' lang='grc'>10</span> 
     </span>
     <span class='ocr_line' id='line_1_41' title="bbox 141 2226 1517 2276; baseline 0.001 -13"><span class='ocrx_word' id='word_1_232' title='bbox 141 2226 314 2274; x_wconf 79' lang='lat' dir='ltr'>(deecite)</span> <span class='ocrx_word' id='word_1_233' title='bbox 342 2227 355 2273; x_wconf 65' lang='grc' dir='ltr'><strong>η</strong></span> <span class='ocrx_word' id='word_1_234' title='bbox 387 2230 457 2262; x_wconf 75' lang='lat'>847</span> <span class='ocrx_word' id='word_1_235' title='bbox 483 2238 563 2262; x_wconf 63' lang='lat' dir='ltr'>ur.</span> <span class='ocrx_word' id='word_1_236' title='bbox 590 2226 700 2262; x_wconf 84' lang='lat' dir='ltr'>mitte</span> <span class='ocrx_word' id='word_1_237' title='bbox 724 2239 760 2263; x_wconf 87' lang='lat' dir='ltr'>u.</span> <span class='ocrx_word' id='word_1_238' title='bbox 782 2227 806 2263; x_wconf 90' lang='lat' dir='ltr'>i.</span> <span class='ocrx_word' id='word_1_239' title='bbox 832 2231 861 2263; x_wconf 78' lang='grc' dir='ltr'><strong>Ε</strong></span> <span class='ocrx_word' id='word_1_240' title='bbox 887 2230 976 2264; x_wconf 82' lang='lat' dir='ltr'>ante</span> <span class='ocrx_word' id='word_1_241' title='bbox 1002 2241 1037 2265; x_wconf 87' lang='lat' dir='ltr'>u.</span> <span class='ocrx_word' id='word_1_242' title='bbox 1058 2229 1081 2264; x_wconf 92' lang='lat' dir='ltr'>i.</span> <span class='ocrx_word' id='word_1_243' title='bbox 1105 2235 1185 2276; x_wconf 69' lang='lat' dir='ltr'>(om.</span> <span class='ocrx_word' id='word_1_244' title='bbox 1205 2229 1330 2276; x_wconf 85' lang='lat' dir='ltr'>mitte)</span> <span class='ocrx_word' id='word_1_245' title='bbox 1355 2233 1387 2265; x_wconf 76' lang='lat' dir='ltr'>A</span> <span class='ocrx_word' id='word_1_246' title='bbox 1411 2229 1517 2276; x_wconf 82' lang='lat' dir='ltr'>(ante</span> 
     </span>
     <span class='ocr_line' id='line_1_42' title="bbox 141 2275 1517 2323; baseline 0.001 -10"><span class='ocrx_word' id='word_1_247' title='bbox 141 2286 187 2313; x_wconf 70' lang='lat' dir='ltr'>ex</span> <span class='ocrx_word' id='word_1_248' title='bbox 211 2286 280 2312; x_wconf 87' lang='lat' dir='ltr'>om.</span> <span class='ocrx_word' id='word_1_249' title='bbox 308 2275 437 2322; x_wconf 74' lang='lat' dir='ltr'>Antiy.</span> <span class='ocrx_word' id='word_1_250' title='bbox 463 2277 611 2312; x_wconf 72' lang='lat' dir='ltr'>nomme</span> <span class='ocrx_word' id='word_1_251' title='bbox 636 2279 767 2312; x_wconf 77' lang='lat' dir='ltr'>ortum.</span> <span class='ocrx_word' id='word_1_252' title='bbox 812 2276 1004 2312; x_wconf 73' lang='lat' dir='ltr'>Nuntium</span> <span class='ocrx_word' id='word_1_253' title='bbox 1035 2278 1137 2323; x_wconf 79' lang='lat' dir='ltr'>loqui</span> <span class='ocrx_word' id='word_1_254' title='bbox 1161 2278 1268 2315; x_wconf 78' lang='lat' dir='ltr'>evicit</span> <span class='ocrx_word' id='word_1_255' title='bbox 1294 2278 1350 2313; x_wconf 82' lang='lat' dir='ltr'>M.</span> <span class='ocrx_word' id='word_1_256' title='bbox 1373 2277 1517 2314; x_wconf 58' lang='lat' dir='ltr'>Malla</span> 
     </span>
     <span class='ocr_line' id='line_1_43' title="bbox 142 2322 1516 2372; baseline 0.001 -12"><span class='ocrx_word' id='word_1_257' title='bbox 142 2324 166 2360; x_wconf 83' lang='lat' dir='ltr'>l.</span> <span class='ocrx_word' id='word_1_258' title='bbox 185 2323 239 2370; x_wconf 73' lang='lat' dir='ltr'>n.)</span> <span class='ocrx_word' id='word_1_259' title='bbox 258 2324 271 2370; x_wconf 79' lang='grc' dir='ltr'>ΙΙ</span> <span class='ocrx_word' id='word_1_260' title='bbox 290 2326 359 2359; x_wconf 77' lang='lat'>348</span> <span class='ocrx_word' id='word_1_261' title='bbox 381 2322 529 2359; x_wconf 83' lang='lat' dir='ltr'>dolores</span> <span class='ocrx_word' id='word_1_262' title='bbox 548 2326 597 2358; x_wconf 57' lang='lat' dir='ltr'>Af</span> <span class='ocrx_word' id='word_1_263' title='bbox 621 2324 634 2370; x_wconf 75' lang='lat' dir='ltr'>u</span> <span class='ocrx_word' id='word_1_264' title='bbox 652 2326 723 2358; x_wconf 78' lang='lat'>350</span> <span class='ocrx_word' id='word_1_265' title='bbox 743 2323 836 2368; x_wconf 86' lang='lat' dir='ltr'>quid</span> <span class='ocrx_word' id='word_1_266' title='bbox 855 2335 916 2360; x_wconf 77' lang='lat' dir='ltr'>me</span> <span class='ocrx_word' id='word_1_267' title='bbox 934 2325 984 2360; x_wconf 90' lang='lat' dir='ltr'>N.</span> <span class='ocrx_word' id='word_1_268' title='bbox 1001 2325 1183 2363; x_wconf 66' lang='lat' dir='ltr'>Heinsius</span> <span class='ocrx_word' id='word_1_269' title='bbox 1196 2338 1236 2372; x_wconf 77' lang='lat' dir='ltr'>p.</span> <span class='ocrx_word' id='word_1_270' title='bbox 1258 2329 1306 2362; x_wconf 83' lang='lat'>53</span> <span class='ocrx_word' id='word_1_271' title='bbox 1324 2327 1337 2372; x_wconf 84' lang='grc' dir='ltr'>ΙΙ</span> <span class='ocrx_word' id='word_1_272' title='bbox 1356 2329 1428 2362; x_wconf 75' lang='lat'>358</span> <span class='ocrx_word' id='word_1_273' title='bbox 1445 2324 1516 2362; x_wconf 83' lang='lat' dir='ltr'>im-</span> 
     </span>
     <span class='ocr_line' id='line_1_44' title="bbox 141 2370 1518 2423; baseline 0.001 -14"><span class='ocrx_word' id='word_1_274' title='bbox 141 2382 314 2409; x_wconf 83' lang='lat' dir='ltr'>mensum</span> <span class='ocrx_word' id='word_1_275' title='bbox 334 2374 364 2407; x_wconf 72' lang='lat' dir='ltr'>A</span> <span class='ocrx_word' id='word_1_276' title='bbox 383 2373 396 2418; x_wconf 75' lang='grc'>11</span> <span class='ocrx_word' id='word_1_277' title='bbox 414 2375 485 2407; x_wconf 76' lang='grc'>358</span> <span class='ocrx_word' id='word_1_278' title='bbox 511 2382 640 2408; x_wconf 82' lang='lat' dir='ltr'>cassus</span> <span class='ocrx_word' id='word_1_279' title='bbox 659 2370 721 2407; x_wconf 84' lang='lat' dir='ltr'>hic</span> <span class='ocrx_word' id='word_1_280' title='bbox 741 2372 791 2407; x_wconf 82' lang='lat' dir='ltr'>N.</span> <span class='ocrx_word' id='word_1_281' title='bbox 808 2372 991 2409; x_wconf 59' lang='lat' dir='ltr'>Heinsius</span> <span class='ocrx_word' id='word_1_282' title='bbox 1013 2386 1049 2419; x_wconf 80' lang='lat' dir='ltr'>p.</span> <span class='ocrx_word' id='word_1_283' title='bbox 1073 2376 1119 2409; x_wconf 82' lang='lat'>54</span> <span class='ocrx_word' id='word_1_284' title='bbox 1138 2375 1150 2420; x_wconf 81' lang='grc' dir='ltr'>ΙΙ</span> <span class='ocrx_word' id='word_1_285' title='bbox 1170 2378 1241 2411; x_wconf 74' lang='grc'>356</span> <span class='ocrx_word' id='word_1_286' title='bbox 1266 2374 1359 2411; x_wconf 79' lang='lat' dir='ltr'>satis</span> <span class='ocrx_word' id='word_1_287' title='bbox 1379 2375 1438 2411; x_wconf 79' lang='lat' dir='ltr'>eet</span> <span class='ocrx_word' id='word_1_288' title='bbox 1456 2377 1486 2410; x_wconf 77' lang='lat' dir='ltr'>B</span> <span class='ocrx_word' id='word_1_289' title='bbox 1504 2372 1518 2423; x_wconf 77' lang='grc' dir='ltr'>ΙΙ</span> 
     </span>
    </p>
   </div>
   <div class='ocr_carea' id='block_1_10' title="bbox 143 2419 1053 2469">
    <p class='ocr_par' dir='ltr' id='par_1_11' title="bbox 143 2419 1053 2469">
     <span class='ocr_line' id='line_1_45' title="bbox 143 2419 1053 2469; baseline 0.001 -13"><span class='ocrx_word' id='word_1_290' title='bbox 143 2423 214 2456; x_wconf 71' lang='lat'>8³8</span> <span class='ocrx_word' id='word_1_291' title='bbox 240 2419 343 2468; x_wconf 83' lang='lat' dir='ltr'>patri</span> <span class='ocrx_word' id='word_1_292' title='bbox 369 2432 406 2457; x_wconf 86' lang='grc' dir='ltr'>ω</span> <span class='ocrx_word' id='word_1_293' title='bbox 431 2431 521 2457; x_wconf 76' lang='lat' dir='ltr'>corr.</span> <span class='ocrx_word' id='word_1_294' title='bbox 547 2421 696 2458; x_wconf 70' lang='lat' dir='ltr'>Gronov</span> <span class='ocrx_word' id='word_1_295' title='bbox 721 2419 870 2466; x_wconf 82' lang='lat' dir='ltr'>patriae</span> <span class='ocrx_word' id='word_1_296' title='bbox 896 2422 1053 2469; x_wconf 71' lang='lat' dir='ltr'>Bentley</span> 
     </span>
    </p>
   </div>
  </div>
 </body>
</html>
