1618 2554
489 98 744 135 annonas
770 98 1031 148 [omAEvs]
1360 100 1452 145 337

71 196 187 240 fixus
217 196 439 253 medullis,
470 196 615 253 crede3
645 197 722 240 sed
752 211 938 255 magnus
970 198 1095 242 dolor

72 257 211 301 iratus
240 271 365 300 amor
394 260 472 300 est.
534 269 643 300 ΠΤ.
674 256 858 302 Artibus
889 259 1071 316 magicis
1101 259 1192 302 fere

72 317 279 376 coniugia
307 321 471 386 nuptae
502 318 705 374 precibus
734 318 940 361 admixtis
971 319 1123 377 ligant.

72 392 251 421 vernare
282 378 390 421 iussi
419 379 583 436 frigore
615 379 661 421 in
691 379 835 422 medio
866 393 1020 422 nemus

72 438 341 495 missumque
371 438 540 481 fulmen
570 441 703 496 stare3
736 439 936 483 concussi
965 440 1127 483 fretum
1376 451 1448 485 4⁵⁶

72 500 267 542 cessante
297 502 447 555 vento,
476 499 701 543 turbidum
733 499 925 555 explicui
954 515 1074 543 mare

72 561 117 602 et
146 559 263 603 sicca
291 559 423 602 tellus
454 559 651 603 fontibus
682 560 826 616 patuit
856 561 1003 617 novis·

71 619 263 663 habuere
292 621 463 663 motum
496 634 616 675 saxa,
648 620 833 664 discussi
863 621 979 664 fores

70 679 335 736 umbrasque
362 678 504 736 Ditis,
536 683 581 723 et
611 694 709 723 mea
739 680 848 723 iussi
877 695 1003 736 prece

70 754 220 784 manes
250 741 468 796 locuntur,
498 741 636 783 tacuit
666 741 861 784 infernus
893 741 1032 797 canis;
1377 753 1449 785 460

69 815 160 843 nox
189 801 334 844 media
363 801 501 844 solem
531 800 644 844 vidit
674 803 718 844 et
747 804 922 844 noctem
954 801 1064 844 dies:
1377 813 1447 845 462

70 875 189 904 mare
219 863 335 904 terra
365 861 533 905 caelum
564 864 609 904 et
633 860 838 904 Tartarus
871 862 1004 905 servit
1036 861 1146 904 mihi
1378 873 1446 905 461

70 920 269 978 nihilque
300 921 420 979 leges
451 922 506 964 ad
538 935 659 964 meos
691 924 844 965 cantus
875 925 1013 966 tenet·

69 981 297 1025 flectemus
328 982 474 1038 illum,
505 982 699 1025 carmina
730 982 953 1026 invenient
984 983 1075 1025 iter.

70 1053 165 1084 DEI.
198 1041 313 1092 Quas
332 1015 500 1085 Pontiis
526 1042 683 1086 herbas
709 1045 899 1111 generat.
911 1045 988 1086 aut
1006 1057 1115 1099 quas
1135 1041 1346 1086 Thessala
1376 1053 1447 1087 465

71 1101 152 1144 sub
183 1117 292 1158 rupe
322 1101 487 1145 Pindus
519 1103 615 1145 alit.
645 1102 725 1145 ubi
755 1103 974 1146 inveniam
1006 1104 1171 1146 malum

71 1163 144 1206 cui
175 1162 300 1206 cedat
331 1163 435 1206 ille?
467 1163 658 1206 carmine
690 1163 736 1206 111
766 1165 903 1207 terras
934 1177 1063 1221 mago

70 1222 302 1267 descendat
332 1223 460 1266 astris
491 1222 617 1266 Luna
647 1222 828 1266 desertis
859 1224 964 1267 licet

69 1286 115 1326 et
145 1283 301 1326 bruma
331 1298 494 1327 messes
524 1283 671 1327 videat
701 1285 746 1327 et
775 1286 907 1327 cantu
938 1284 1074 1342 fugax

70 1346 157 1387 stet
187 1342 504 1400 deprehensum
533 1343 702 1387 fulmen
732 1347 777 1387 et
807 1358 930 1388 versa
962 1344 1055 1388 vice
1377 1355 1448 1387 470

69 1404 238 1447 medius
269 1403 431 1447 coactis
462 1404 627 1447 ferveat
659 1404 798 1447 stellis
829 1404 940 1448 dies:

68 1479 159 1508 non
189 1464 335 1508 flectet
367 1465 503 1508 illum.
565 1476 674 1507 NVT.
707 1463 827 1508 Vicit
859 1468 902 1508 et
933 1479 1114 1521 superos
1141 1462 1290 1508 Amor.

69 1536 163 1568 DEI.
195 1523 409 1568 Vincetur
438 1525 517 1568 uni
546 1525 696 1569 forsan
726 1528 770 1568 et
801 1525 993 1581 spolium
1019 1525 1141 1568 dabit

68 1584 292 1642 Amorque
323 1600 520 1629 summus
550 1585 628 1629 fiet
652 1585 832 1629 Alcidae
863 1586 1000 1629 labor.
1031 1610 1081 1616 -

68 1646 145 1688 sed
177 1649 219 1688 te
250 1660 328 1702 per
358 1661 487 1690 omne
517 1646 723 1689 caelitum
754 1661 917 1689 numen
948 1660 1114 1702 precor,
1373 1657 1445 1690 475

69 1721 148 1762 per
177 1706 295 1750 hunc
325 1707 545 1750 timorem:
578 1706 789 1762 quicquid
820 1707 966 1750 arcani
997 1720 1159 1763 apparo

67 1767 243 1822 penitus
273 1767 482 1810 recondas
515 1770 558 1810 et
588 1767 674 1810 fide
705 1767 839 1810 tacita
870 1781 1052 1823 premas.

163 1899 236 1932 452
267 1896 349 1934 fare
379 1901 409 1934 B
451 1898 464 1943 Ι
506 1900 578 1932 465
609 1896 847 1942 mixtumque
879 1896 1018 1933 flumen
1049 1900 1078 1931 Ε
1121 1897 1135 1943 11
1177 1899 1248 1932 4⁶⁸
1281 1895 1443 1933 discussi

68 1944 220 1981 arbores
245 1947 290 1981 ci.
312 1945 401 1982 Birt
426 1945 587 1982 discussi
612 1944 753 1981 inferos
780 1945 857 1982 Leo
886 1946 899 1991 11
935 1948 1007 1980 469
1032 1944 1191 1981 umbrae
1217 1943 1379 1981 stetistis
1404 1957 1443 1981 ω

66 2004 158 2029 corr.
181 1993 333 2030 Richter
355 1994 516 2041 symbffl
517 1996 597 2030 ‚38
623 1993 762 2041 (undae
788 1993 891 2039 Birt)
926 1994 940 2039 11
977 1996 1048 2028 480
1074 1993 1202 2029 sonuit
1225 1995 1256 2028 Δ
1281 1993 1387 2029 novit
1411 1997 1441 2028 Ε

67 2052 160 2078 corr
187 2041 264 2077 Leo
288 2041 406 2078 1224
441 2043 455 2089 11
491 2045 649 2078 mom.
674 2045 721 2086 E,
747 2042 1075 2088 poetwaposuit
1099 2041 1218 2077 Bothe
1246 2042 1260 2088 11
1289 2042 1443 2078 488oe-

66 2091 161 2125 uent
191 2101 230 2125 ω
260 2100 351 2126 corr.
377 2097 415 2134 ψ
457 2092 471 2137 11
513 2093 583 2126 485
616 2099 715 2136 quae
746 2088 814 2125 Th.
842 2090 946 2137 Δ(τ1)
979 2088 1183 2125 maluit
1210 2093 1240 2125 B
1272 2090 1343 2126 aut
1371 2089 1445 2125 Mt)

65 2148 159 2174 corr.
186 2137 322 2183 Peiper
351 2138 444 2184 (tale
476 2137 543 2174 ubi
575 2138 677 2183 Birt)
718 2139 732 2184 11
774 2141 844 2173 467
877 2093 1051 2175 teri-is
1016 2141 1046 2172 E
1082 2139 1096 2183 11
1131 2140 1203 2174 488
1234 2136 1445 2175 descendat

66 2185 108 2220 in
139 2187 243 2222 astra
278 2185 371 2222 luna
407 2186 581 2227 discedat
610 2185 703 2222 licet
733 2190 762 2222 B
804 2187 817 2232 11
860 2189 932 2222 470
968 2185 1021 2222 sit
1057 2185 1162 2232 depr.
1194 2188 1225 2220 A
1264 2187 1271 2231 1
1315 2185 1342 2222 f.
1375 2184 1444 2220 ad-

67 2244 175 2270 versa
218 2237 484 2280 ν.311471
520 2247 568 2270 ιιι.
609 2246 639 2270 c
678 2234 822 2280 fugerit
859 2238 889 2269 A
930 2235 944 2280 11
986 2237 1119 2270 wan.
1159 2232 1185 2270 f.
1218 2245 1339 2269 unum
1375 2235 1443 2269 ΒΔ

67 2281 205 2329 (visum
235 2284 287 2327 ψ)
325 2294 415 2319 corr.
443 2283 594 2320 Richter
631 2283 700 2329 (sic
732 2284 829 2319 teste
860 2283 984 2319 Leone
1021 2282 1098 2318 cod.
1132 2282 1251 2319 Laur.
1279 2284 1341 2330 37,
1369 2282 1439 2328 6)
1434 2281 1439 2309 ¹

67 2341 192 2367 versus
234 2334 332 2367 totus
368 2331 575 2369 Deianirae
618 2335 669 2368 est
706 2335 734 2366 Ε
782 2333 796 2376 11
848 2334 917 2366 477
957 2329 1070 2366 fidem
1114 2329 1276 2366 tacitam
1318 2309 1442 2375 expri-

67 2388 151 2414 mas
175 2382 205 2414 8

140 2445 291 2473 ennon
309 2451 396 2472 me
398 2451 530 2473 otum.
1177 2440 1223 2473 22
