1618 2554
129 111 217 155 252
564 109 604 145 L.
626 107 816 145 AN'NAEI
842 107 1063 145 SENECAE

130 211 280 268 ignota
310 208 393 252 tibi
424 211 526 252 sunt
556 209 652 251 iura
680 221 916 265 regnorum
947 209 1023 250 aut
1052 207 1196 251 nova?

128 269 256 314 nobis
287 269 469 327 maligni
500 269 682 325 iudices,
712 268 839 324 aequi
870 267 955 311 sibi
1431 278 1504 312 2⁷0

127 330 173 373 id
204 344 298 374 esse
326 330 452 387 regni
482 329 722 372 maximum
753 329 913 386 pignus
944 330 1120 384 putant,

129 390 167 434 si
198 389 403 447 quicquid
435 389 533 432 aliis
563 403 653 432 non
682 388 786 431 licet
817 388 922 431 solis
953 388 1068 432 licet.

130 461 263 494 cLY‘r.
294 448 472 508 Ignovit
501 448 712 492 Helenae:
742 450 890 492 iuncta
920 447 1119 492 Menelao
1149 448 1264 492 redit

129 525 240 568 quae
270 508 492 566 Europam
524 512 569 553 et
598 508 751 553 Asiam
781 509 960 566 paribus
992 508 1151 552 afflixit
1180 509 1320 553 malis.

99 619 105 624 ,
127 581 233 614 AEG.
267 568 352 614 Sed
382 570 503 613 nulla
533 569 717 613 Atriden
747 568 917 613 Venere
946 569 1110 613 furtiva
1138 569 1323 613 abstulit
1432 579 1503 614 275

127 645 207 674 nec
238 631 354 687 cepit
383 630 578 674 animum
611 630 788 688 coniugi
819 629 1079 674 obstrictum
1110 643 1225 674 suae.

126 691 214 735 iam
247 692 411 734 crimen
440 691 516 734 ille
547 691 716 748 quaerit
746 693 790 734 et
822 703 972 734 causas
1003 692 1140 747 parat.

126 752 191 795 nil
221 765 315 795 esse
345 751 469 795 crede
499 753 627 808 turpe
659 751 940 794 commissum
968 750 1069 794 tibi:

128 811 234 869 quid
262 811 446 855 honesta
476 812 653 868 prodest
683 812 792 867 vita,
821 811 991 870 flagitio
1022 811 1211 855 vacans?

123 871 205 916 ubi
234 871 435 915 dominus
468 872 561 915 odit
590 872 642 915 fit
671 885 850 930 nocens,
882 886 973 915 non
1003 873 1236 928 quaeritur.
1431 881 1504 916 280

127 931 385 990 Spartamne
414 934 583 989 repetes
614 934 761 989 spreta
789 935 835 976 et
863 930 1063 976 Eurotan
1092 935 1220 976 tuum

125 993 375 1050 patriasque
405 993 527 1037 sedes
557 993 776 1051 profuga?
807 1006 898 1036 non
928 993 1034 1037 dant
1063 994 1230 1037 exitum

125 1053 305 1110 repudia
334 1066 500 1111 regum.
562 1067 639 1109 spe
669 1056 811 1098 metus
842 1053 953 1097 falsa
982 1054 1115 1098 levas.

128 1124 260 1156 CLYT.
291 1112 463 1157 Delicta
492 1115 618 1158 novit
647 1128 776 1157 nemo
806 1115 893 1158 nisi
923 1113 1037 1158 fidus
1067 1129 1176 1158 mea.

125 1183 232 1217 ΑΕΒ.
262 1172 367 1217 Non
397 1174 531 1217 intrat
561 1189 769 1231 umquam
800 1175 970 1232 regium
1001 1175 1138 1219 limen
1167 1174 1287 1218 fides.
1431 1184 1502 1218 285

126 1245 260 1277 OLYT.
292 1232 460 1291 Opibus
491 1234 702 1291 merebor,
731 1238 781 1278 ut
811 1235 942 1279 fidem
974 1236 1117 1293 pretio
1150 1234 1354 1294 obligem.

124 1305 230 1338 ΑΕΘ.
261 1293 408 1338 Pretio
439 1297 591 1352 parata
620 1296 812 1339 vincitur
841 1296 984 1354 pretio
1014 1296 1134 1341 fides.

127 1364 262 1399 CLYT.
294 1353 444 1413 Surgit
473 1355 672 1399 residuus
702 1356 911 1413 pristinae
941 1357 1101 1400 mentis
1131 1356 1274 1414 pudor
1298 1381 1355 1388 -

126 1414 231 1473 quid
262 1414 505 1472 obstrepis?
536 1415 642 1472 quid
670 1430 778 1460 voce
809 1416 1092 1474 blandiloqua
1123 1416 1240 1461 mala

125 1475 308 1519 consilia
336 1475 501 1519 dictas?
533 1477 699 1520 scilicet
728 1477 865 1521 nubet
895 1477 997 1533 tibi,
1429 1486 1504 1522 290

123 1550 278 1593 regum
307 1536 462 1579 relicto
492 1551 613 1594 rege,
644 1551 855 1594 generosa
884 1538 1031 1582 exuli?

123 1601 231 1639 AE'G.
262 1594 322 1642 Et
353 1610 430 1640 cur
459 1595 614 1640 Atrida
643 1598 795 1641 videor
824 1598 1004 1643 inferior
1033 1598 1135 1655 tibi,

124 1659 284 1715 gnatus
308 1655 554 1714 Thyestae?
616 1668 750 1701 OLYT.
782 1657 831 1702 Si
854 1667 1008 1715 parum
1035 1661 1120 1715 est,
1149 1658 1260 1703 adde
1284 1661 1330 1703 et
1352 1672 1501 1716 nepos.

123 1727 230 1761 ABG.
261 1714 453 1761 Auctore
483 1716 665 1761 Phoebo
697 1719 872 1777 gignor:
902 1718 1020 1762 haud
1051 1720 1221 1778 generis
1251 1718 1398 1777 pudet.

125 1787 261 1820 OLYT.
291 1776 520 1821 Phoebum
550 1777 762 1822 nefandae
793 1780 941 1836 stirpis
973 1783 1196 1824 auctorem
1226 1793 1369 1836 vocas,
1430 1789 1502 1823 295

124 1852 255 1894 quem
285 1841 414 1882 nocte
445 1838 589 1881 subita
618 1838 742 1882 frena
771 1843 1046 1884 revocantem
1080 1856 1159 1884 sua

124 1898 245 1942 caelo
277 1898 535 1955 expulistis?
567 1899 671 1956 quid
701 1900 805 1944 deos
835 1899 997 1956 probro
1028 1901 1255 1945 addimus?

127 1957 351 2016 subripere
382 1959 536 2002 doctus
566 1959 719 2004 fraude
750 1960 932 2018 genialis
963 1964 1104 2018 toros,

123 2032 254 2074 quem
285 2016 455 2063 Venere
485 2021 658 2063 tantum
690 2021 851 2064 scimus
882 2022 1051 2065 inlicita
1079 2022 1243 2078 virum,

220 2152 293 2186 260
323 2148 427 2186 haud
452 2159 550 2185 nova
575 2152 606 2185 A
642 2152 655 2197 Η
691 2154 762 2186 278
794 2150 914 2187 nichil
939 2155 968 2187 E
1004 2153 1017 2198 11
1054 2155 1126 2188 279
1155 2151 1246 2199 flag.
1272 2161 1405 2188 carens
1428 2155 1459 2187 A
1488 2153 1504 2199 u

123 2200 192 2234 881
216 2198 433 2244 spartemne
457 2201 489 2233 A
514 2197 713 2246 [sparthen
739 2200 808 2245 (vel
829 2200 968 2246 —tem)
994 2211 1086 2236 num
1110 2200 1180 2247 (vel
1202 2202 1294 2248 non)
1317 2199 1413 2249 Am]
1433 2201 1441 2248 Ι
1463 2201 1505 2236 et

123 2246 366 2283 eurotantum
390 2250 420 2282 Ε
444 2257 536 2283 corr.
560 2245 709 2283 Gronov
734 2248 773 2283 et
798 2258 821 2283 a
846 2249 955 2284 tanto
980 2248 1064 2284 uiro
1090 2251 1121 2283 A
1139 2250 1152 2295 ΙΙ
1171 2252 1242 2285 288
1267 2249 1414 2286 metum
1436 2250 1469 2284 A
1488 2249 1503 2295 fl

123 2297 316 2330 εδδ-805
347 2295 527 2332 nutricem
557 2306 640 2332 cum
664 2295 839 2342 Aeqistho
864 2296 1133 2342 conloquentem
1164 2297 1260 2342 facit
1289 2301 1320 2333 R
1349 2297 1398 2343 cf.
1423 2297 1502 2334 Leo

123 2342 153 2379 Ι
166 2344 218 2379 83
240 2344 254 2390 11
278 2345 351 2379 890
375 2343 518 2379 nubam
542 2343 700 2391 Bentley
727 2345 740 2390 ΙΙ
771 2347 838 2379 291
862 2354 1044 2390 generoso
1068 2348 1098 2380 Ε
1124 2346 1143 2392 ‘n
1173 2348 1243 2381 20⁷
1268 2344 1408 2392 probro
1434 2344 1502 2381 ad-

121 2401 238 2428 uocat
263 2392 415 2438 A11298
441 2390 512 2427 sub
536 2401 632 2438 rupe
655 2391 835 2428 reductus
860 2393 886 2428 f.
907 2391 1071 2439 genialis
1095 2393 1170 2429 tori
1195 2397 1224 2429 Ε
1247 2395 1252 2441 l
1275 2392 1446 2441 geniales
1470 2395 1502 2428 A
