1618 2554
638 147 946 185 Pflosmssm
992 131 997 145 ‘
1428 148 1488 192 99

103 262 299 305 pressere
330 247 489 291 vultus.
552 246 701 291 audies
732 262 903 303 verum,
934 245 1145 304 Oedipus:

105 309 251 352 minus
283 308 439 352 eruisti
467 307 638 352 lumina
667 308 871 352 audacter
899 310 994 364 tua,
1404 339 1410 341 ‡

48 415 50 417 ,
102 384 235 427 quam
265 369 539 426 praestitisti
594 383 712 413 nunc
742 384 921 417 mmmm
952 369 1128 413 cerebro
1162 369 1311 413 indue:
1417 380 1487 414 180

101 430 185 475 hac
214 433 339 488 parte
369 432 559 474 mortem
590 445 750 489 perage
782 445 869 487 qua
900 432 1024 499 coepi
1056 430 1181 473 mori.

100 501 260 535 ANTIG.
289 490 452 547 Pauca,
477 506 504 535 0
530 505 687 549 parens
713 491 1009 549 magnanime,
1035 490 1306 535 miserandae
1331 505 1487 548 precor

101 554 154 596 ut
183 552 317 596 verba
346 554 475 595 natae
506 554 652 595 mente
683 551 855 608 placata
885 552 1047 595 audias.

101 627 192 656 non
223 615 268 657 te
297 614 349 656 ut
378 613 584 656 reducam
614 613 776 657 veteris
808 613 863 656 ad
895 613 1084 669 speciem
1116 612 1272 656 domus

99 673 388 730 habitumque
418 674 543 732 regni
572 674 682 717 flore
705 673 943 730 pollentem
976 673 1130 717 inclito
1414 684 1483 717 185

102 736 206 792 peto
237 736 315 778 aut
345 737 399 777 ut
427 734 531 792 iras,
563 737 813 791 temporum
844 733 954 778 haut
984 735 1080 791 ipsa
1109 749 1234 777 mors.

101 796 283 853 fractas,
313 794 496 840 remisso
527 798 703 853 pectore
734 810 783 838 ac
814 794 987 852 placido
1018 795 1151 838 feras:

101 858 149 899 at
178 855 266 900 hoc
296 855 478 900 decebat
508 856 680 902 roboris
711 856 824 899 tanti
855 856 1015 912 virum,

99 931 191 961 non
221 930 315 961 esse
346 916 428 960 sub
461 918 611 960 dolore
641 931 722 960 nec
752 917 918 961 victum
950 916 1078 959 malis

102 977 205 1020 dare
235 980 384 1036 terga3
411 992 503 1021 non
535 979 620 1034 est,
649 981 701 1021 ut
731 980 881 1035 putas,
912 978 1071 1034 virtus,
1103 980 1240 1034 pater,
1414 988 1485 1021 190

99 1038 258 1082 timere
287 1038 445 1094 vitam,
477 1038 553 1081 sed
583 1038 711 1082 malis
744 1038 997 1096 ingentibus

101 1098 275 1143 obstare
306 1113 387 1142 nec
418 1114 465 1142 se
494 1102 663 1143 vertere
695 1113 746 1142 ac
775 1101 894 1142 retro
925 1099 1039 1142 dare.

102 1160 178 1215 qui
208 1159 301 1213 fata
330 1159 603 1217 proculcavit
635 1175 687 1204 ac
718 1161 833 1203 vitae
864 1160 981 1203 bona

98 1220 286 1277 proiecit
317 1224 448 1278 atque
480 1220 666 1264 abscidit
698 1223 742 1264 et
774 1235 898 1264 casus
931 1234 1032 1263 suos

101 1281 300 1325 oneravit
330 1282 442 1339 ipse,
475 1281 546 1325 cui
577 1282 657 1325 deo
688 1282 811 1325 nullo
844 1284 912 1324 est
944 1295 1071 1338 opu3‚
1412 1292 1481 1324 195

99 1356 234 1399 quare
265 1341 340 1386 ille
371 1345 560 1394 mortem
594 1343 743 1399 cupiat
774 1345 850 1386 aut
882 1357 1014 1399 quare
1045 1341 1196 1398 petat?

97 1405 335 1459 utrumque
364 1402 508 1448 timidi
541 1406 624 1446 est·
655 1417 783 1448 nemo
817 1403 1081 1459 contempsit
1111 1402 1226 1445 mori

99 1463 176 1522 qui
207 1463 471 1521 concupivit
535 1464 658 1507 cuius
689 1464 800 1507 haut
829 1464 947 1507 ultra
977 1462 1094 1506 mala

100 1524 218 1568 exire
248 1527 452 1582 possunt,
484 1524 530 1567 in
561 1525 660 1570 loco
693 1527 789 1568 tuto
822 1527 890 1568 est
920 1525 1043 1567 situs.

98 1585 197 1642 quis
226 1585 315 1628 iam
348 1585 547 1642 deorum,
577 1584 689 1629 velle
718 1586 808 1641 fac,
840 1586 1076 1642 quicquam
1108 1587 1254 1641 potest
1408 1595 1479 1628 200

96 1644 226 1689 malis
256 1646 347 1690 tuis
378 1646 578 1691 adicere?
610 1647 696 1689 iam
729 1661 810 1690 nec
841 1647 890 1689 tu
921 1649 1047 1703 potes

95 1706 184 1750 nisi
213 1705 317 1763 hoc,
347 1708 400 1750 ut
429 1721 523 1750 esse
553 1710 598 1750 te
630 1709 757 1765 putes
790 1707 973 1764 dignum
1002 1719 1110 1750 nece
1143 1731 1200 1737 —-

96 1779 186 1810 non
217 1781 263 1810 es
293 1781 375 1814 nec
404 1767 496 1810 ulla
525 1771 678 1825 pectus
710 1768 795 1811 hoc
826 1766 957 1824 culpa
988 1766 1150 1824 attigit.

98 1829 142 1870 et
170 1827 256 1871 hoc
286 1827 428 1886 magis
457 1831 520 1884 te,
552 1829 738 1886 genitor,
769 1828 986 1872 insontem
1018 1841 1144 1883 voca,

97 1887 215 1944 quod
246 1889 456 1933 innocens
487 1903 532 1932 es
564 1889 632 1933 dis
663 1903 837 1946 quoque
868 1888 1029 1932 invitis.
1093 1887 1197 1945 quid
1230 1890 1297 1931 est
1404 1898 1475 1931 205

98 1948 215 2006 quod
244 1951 289 1993 te
321 1949 527 2006 efferant,
560 1949 678 2006 quod
709 1963 848 1993 novos
880 1948 1098 1992 suffixerit

96 2009 299 2054 stimulos
331 2009 501 2054 dolori?
533 2010 639 2066 quid
668 2012 714 2053 te
744 2010 791 2054 in
823 2009 1014 2053 infernas
1047 2010 1140 2067 agit

195 2107 261 2140 1¹18
288 2103 477 2151 Oedipum
497 2108 564 2140 EA
590 2104 713 2152 Oedip
716 2116 736 2141 e
755 2113 793 2150 ψ
818 2116 910 2142 corr
932 2106 979 2141 B.
1003 2103 1166 2141 Schmidt
1192 2103 1254 2149 (de
1278 2115 1342 2140 cm.
1370 2102 1407 2141 S
1430 2109 1474 2140 tr

91 2155 217 2198 1232)
238 2153 251 2199 ss
269 2155 337 2188 180
361 2153 566 2200 perstitisti
591 2157 620 2188 Β
641 2153 648 2199 Ι
670 2153 801 2190 erebro
825 2157 900 2198 Βψ
919 2156 932 2200 ξξ
949 2157 1012 2188 181
1038 2153 1166 2199 coepit
1190 2155 1221 2187 A
1239 2154 1338 2199 fl1⁸2
1363 2152 1476 2189 mise-

95 2201 216 2236 randa
246 2203 296 2236 A¹
344 2203 358 2248 fl
399 2204 467 2237 184
498 2202 690 2249 specimen
718 2205 749 2237 A
790 2203 807 2250 fl
845 2205 912 2237 185
944 2201 1107 2248 pollenti
1139 2204 1188 2237 A*
1230 2203 1237 2246 Ῐ
1278 2200 1406 2237 inchti
1438 2214 1475 2237 ω

95 2256 252 2335 ffitgrp
270 2250 722 2346 Πηιὲἷὸιῗΐὲοὲἰαῖιὶἓθῒ
734 2262 840 2346 Acmlir
846 2251 1026 2346 Ιξὲΐξεὲῖ
1045 2249 1475 2345 ἐεξδοιξὲὶὲξαωωῧξςοιγαῒ

95 2345 252 2392 Lipsius
279 2347 292 2392 ss
319 2350 384 2383 197
410 2358 446 2383 u
473 2349 500 2383 t-
527 2349 586 2383 est
609 2347 717 2383 velle
740 2359 769 2383 c.
797 2351 826 2382 Δ
854 2349 867 2394 ss
895 2351 960 2382 198
987 2347 1155 2393 quinon
1181 2346 1418 2392 concupiscit
1443 2349 1474 2381 A

95 2395 185 2438 (non
210 2394 277 2430 del.
304 2397 356 2439 ψ)
379 2396 384 2440 1
407 2397 475 2432 aut
499 2400 527 2431 Ε
559 2398 572 2442 Η
602 2399 673 2431 205
699 2396 834 2432 inuisis
860 2399 920 2431 A·
915 2397 929 2441 ξΙ
952 2398 1024 2430 206
1050 2407 1126 2431 non
1150 2406 1219 2431 uos
1244 2398 1304 2440 133
1307 2397 1407 2439 27‘80
1435 2395 1473 2429 in

96 2454 164 2478 om.
191 2450 229 2486 ψ
255 2443 305 2478 ad
330 2442 397 2479 inf.
424 2456 451 2480 τ
