1618 2554
648 162 928 199 PRAEFATIO
1354 161 1477 199 XXXI

96 265 299 307 uberrimo
330 265 576 318 colligendas
608 269 650 305 et
675 265 942 317 excerpendas
966 260 1176 320 intento.*)
1209 263 1477 311 Quamobrem

98 319 318 381 (ao—22)
347 328 396 366 ut
434 326 662 367 Vincentius
691 326 986 366 Bellovacensis
1017 326 1075 365 sic
1105 325 1278 376 Ecloyae
1307 325 1475 375 ,Βαράκ-

95 397 239 427 nouses
268 388 311 426 et
339 386 575 426 Pari-§inum
603 387 840 437 florilegium
869 387 914 426 in
943 386 1188 426 testimoniis
1220 386 1269 426 de
1301 385 1475 426 Senecae

96 445 316 500 tragoediis
353 446 588 499 colligendis
623 460 697 498 per
733 446 858 487 medii
893 447 985 486 aevi
1017 448 1201 498 tempora
1237 447 1477 500 propagatas

96 518 179 548 non
208 507 400 547 ultimum
430 511 567 547 tenere
597 507 730 547 locum
754 507 816 548 fas
842 509 914 548 est.
963 506 1026 547 De
1050 507 1198 560 quibus
1221 506 1273 546 ad
1298 519 1347 547 ea
1370 519 1474 558 quae

97 579 123 607 a
151 567 203 606 F.
227 567 374 619 Leone,
404 580 430 607 a
459 569 623 618 Peipero
657 567 805 608 Clodia
837 567 1110 608 Creismchio
1142 567 1235 608 aliis
1265 567 1476 619 disputata

97 629 194 668 sunt
234 626 279 667 in
323 629 483 680 scriptis
527 629 688 679 saepius
731 629 1053 668 commemoratis
1092 623 1109 682 <
1110 628 1159 667 Κ.
1185 628 1234 668 U.
1259 642 1298 680 p.
1325 629 1382 668 26
1397 625 1474 680 sq.)

96 688 215 729 huius
245 689 308 728 rei
338 687 538 729 studiosos
567 689 766 741 relegasse
797 690 896 729 satis
928 688 1062 728 habui.

653 905 830 945 CAPUT
861 905 924 944 ΙΠ

166 976 403 1028 emeatus
433 978 605 1019 lectionis
630 978 891 1028 Peiperianae
922 972 990 1032 (cf.
1023 990 1145 1030 supra
1174 992 1214 1030 p.
1234 973 1413 1033 Vn).·*)

640 1082 887 1114 HERCULES
918 1082 937 1113 1

190 1147 278 1186 100
308 1147 458 1197 incitae
484 1143 492 1198 Ι
522 1147 606 1187 132
635 1149 750 1198 aquis
778 1144 783 1199 Ι
815 1148 899 1187 259
927 1147 1067 1186 tremit
1093 1143 1099 1199 Ι
1129 1148 1215 1187 268
1249 1149 1474 1200 civitasque

96 1206 338 1258 Amphionis
365 1201 373 1262 Ι
402 1207 487 1246 269
520 1207 709 1260 ignarum
736 1204 742 1259 Ι
772 1208 858 1246 287
892 1207 1039 1247 cecidit
1065 1202 1072 1262 Ι
1102 1208 1187 1247 343
1220 1210 1382 1248 tenetur
1412 1209 1474 1248 in-

95 1267 192 1307 vifis
220 1261 227 1322 Ι
255 1267 343 1308 380
380 1267 525 1318 larem,
557 1267 741 1319 ‘pata-iam
768 1267 774 1315 Ι
804 1268 890 1307 383
929 1281 976 1307 ex
1007 1269 1087 1308 isto
1115 1264 1121 1319 Ι
1152 1269 1238 1308 390
1276 1264 1471 1323 superbo}

97 1328 183 1367 427
221 1326 344 1368 effare
379 1328 572 1370 thalamis
611 1341 648 1380 q.
680 1342 719 1368 n.
756 1329 892 1380 potius
929 1342 968 1380 p.
1003 1325 1010 1380 Ι
1047 1329 1136 1368 430
1175 1329 1237 1368 Sc..
1268 1343 1306 1368 n.
1339 1330 1474 1381 potior

96 1389 159 1428 est
187 1387 364 1429 famulus
395 1389 425 1427 t.
453 1388 460 1438 Ι
489 1389 576 1428 454
607 1390 801 1438 monstra„
832 1401 973 1429 saevas
1007 1384 1012 1443 Ι
1048 1390 1134 1429 485
1167 1390 1309 1430 obvius
1343 1386 1350 1442 Ι
1385 1391 1471 1430 538

94 1443 338 1503 tenderent}
368 1449 454 1489 608
486 1462 646 1500 quaque
674 1445 680 1501 Ι
710 1450 796 1488 612
830 1450 911 1489 vici
937 1447 943 1501 Ι
973 1450 1060 1489 634
1091 1450 1219 1492 hostis
1253 1448 1259 1503 Ι
1295 1451 1380 1490 635
1414 1451 1472 1490 la-

95 1508 248 1560 borque
278 1522 457 1550 summus
484 1504 491 1564 Ι
526 1510 614 1550 660
646 1523 704 1561 sq.
735 1512 824 1549 tota
844 1532 890 1537 --
910 1510 1052 1550 aethra
1085 1508 1091 1564 Ι
1129 1512 1212 1550 723
1246 1506 1470 1564 specimen!

0 1597 12 1608 κ
97 1570 184 1608 742
204 1570 442 1622 animaeque
469 1566 590 1623 Ι-739
605 1572 795 1621 tutorque
823 1565 830 1625 Ι
860 1571 944 1610 799
960 1570 1085 1622 clepit
1111 1566 1118 1624 Ι
1147 1571 1233 1610 825
1249 1567 1471 1625 aciemque}

96 1629 185 1670 840
210 1630 342 1681 qualis
370 1625 376 1683 Ι
405 1631 491 1670 999
522 1631 639 1673 clava
666 1625 673 1685 Ι
703 1631 818 1671 1068
846 1630 1008 1673 volucer
1035 1625 1041 1686 Ι
1072 1632 1187 1671 1137
1215 1634 1306 1672 ante
1333 1628 1470 1685 1122Ι

98 1689 215 1731 1198
233 1702 331 1731 voce
346 1690 552 1730 cedentem
579 1685 586 1746 Ι
616 1691 732 1731 1208
752 1693 919 1742 paretur
946 1686 952 1746 Ι
982 1692 1206 1731 1216-18
1220 1695 1314 1742 post
1334 1689 1470 1748 1234}

98 1750 216 1790 1340
245 1750 413 1792 restitue

676 1832 894 1864 TROADES

189 1895 273 1934 251
295 1896 450 1946 primae
479 1893 484 1948 Ι
514 1896 599 1935 269
621 1895 694 1935 alii
721 1892 727 1949 Ι
757 1898 843 1936 279
870 1897 993 1936 etiam
1020 1893 1026 1950 Ι
1057 1898 1142 1937 338
1169 1898 1320 1938 exolvit
1347 1893 1355 1953 Ι
1383 1899 1469 1938 407

99 1955 186 1995 408
203 1957 297 2004 post
321 1957 421 2007 400,
440 1956 574 1996 deletis
599 1957 684 1996 401
708 1957 822 1997 402⁸
847 1954 855 2010 Ι
883 1958 969 1997 457
997 1958 1149 1997 excutit
1176 1952 1183 2012 Ι
1212 1959 1298 1998 479
1325 1953 1469 2013 capax}

98 2015 183 2055 533
224 2028 282 2067 sq.
326 2015 621 2056 Andromacha.
677 2029 774 2056 nm.
819 2016 964 2058 Vester
1006 2030 1136 2070 augur
1184 2017 1222 2056 h.
1261 2016 1302 2057 G.
1349 2019 1469 2059 canit.

95 2086 160 2115 m
180 2077 232 2126 ot„
251 2075 334 2116 sit.
362 2070 369 2130 Ι
398 2077 484 2117 553
507 2077 574 2116 hic
601 2071 607 2131 Ι
638 2077 723 2117 585
750 2078 852 2118 ustis
880 2074 887 2130 Ι
917 2078 1002 2117 587
1022 2080 1181 2118 tumens
1209 2073 1215 2133 Ι
1245 2079 1331 2119 633
1357 2075 1470 2133 sero}

98 2134 184 2174 643
216 2137 301 2176 cari
328 2131 334 2191 Ι
364 2137 449 2176 688
482 2137 605 2177 elidet
632 2133 638 2190 Ι
670 2139 752 2177 797
779 2151 963 2190 premens
992 2133 998 2191 Ι
1028 2139 1110 2178 821
1140 2138 1319 2189 Gyrtone
1347 2136 1352 2191 Ι
1383 2140 1468 2179 959

191 2250 225 2297 ⁸')
253 2250 418 2288 ‘Seneca
430 2273 475 2279 —
490 2251 631 2288 librum
649 2252 910 2300 tragediarum
924 2254 1138 2300 composuit
1153 2253 1198 2290 in*
1213 2265 1288 2300 quo
1303 2253 1345 2300 pl
1394 2253 1403 2262 ‘
1447 2264 1470 2289 a

97 2308 167 2344 per
191 2299 400 2336 sententias
425 2299 589 2336 multum
614 2300 738 2337 utilia.
765 2303 805 2338 et
829 2312 897 2348 per
922 2301 1188 2338 exornationes
1214 2305 1259 2348 (v.
1274 2303 1296 2338 1.
1321 2312 1390 2338 exo

96 2345 221 2383 tiones
247 2346 410 2384 multum
423 2349 557 2384 suavia
569 2349 680 2385 nobis
694 2349 882 2386 tradidit?
897 2349 954 2385 Ex
965 2349 1064 2386 libro
1078 2350 1244 2396 quodam
1253 2349 1468 2386 Dresdensi.

193 2394 212 2414 ¹⁸
271 2393 519 2433 Coniecturae
544 2396 696 2443 Peiperi
723 2398 765 2433 in
796 2397 1044 2435 adnotatione
1076 2397 1211 2434 critica
1237 2399 1469 2435 memoratae

96 2453 174 2479 non
198 2444 423 2490 repetuntur
446 2444 519 2481 hoc
543 2444 627 2481 loco
652 2445 728 2481 nisi
753 2456 848 2491 quae
873 2446 914 2482 in
939 2448 1085 2482 textum
1110 2446 1229 2493 recipi
1254 2446 1384 2483 voluit.
