1618 2554
173 113 264 157 340
613 112 654 148 L.
674 111 866 148 ANNAEI
890 109 1115 148 SENECAE

173 215 363 256 mentem
394 226 473 269 per
501 214 621 254 artus
653 210 779 253 adeat
810 212 853 253 et
883 209 1066 253 tacitum
1099 215 1249 253 means

173 273 307 316 intret
337 272 561 316 medullas.
623 283 731 313 Nv'r.
763 269 896 314 Ocius
927 270 1046 313 iussa
1077 284 1277 326 exequar,

173 334 367 389 alumna,
396 332 598 390 precibus
630 334 680 374 tu
712 330 840 374 deum
872 330 1084 374 invictum
1116 330 1298 385 advoca,

174 393 251 450 qui
281 395 399 437 certa
428 395 577 436 tenera
606 392 695 435 tela
725 390 908 434 dimittit
939 405 1084 434 manu.
1477 399 1548 433 540

130 465 136 470 “
173 464 270 496 DEI.
300 452 362 496 Te
394 452 612 510 deprecor,
644 466 773 508 quem
804 450 993 494 mundus
1023 453 1069 494 et
1098 451 1246 508 superi
1275 450 1434 494 timent

173 517 218 556 et
249 521 412 570 aequor
442 516 485 556 et
517 513 593 569 qui
623 512 792 555 fulmen
816 509 1060 555 Aetnaeum
1092 510 1252 568 quatit,

172 573 364 617 timende
394 574 525 617 matri
555 576 600 616 te
631 573 768 630 aliger
798 585 950 616 saevae
980 585 1106 628 puer:

174 633 350 677 intende
382 635 499 678 certa
530 634 748 690 spiculum
780 633 908 675 velox
940 647 1091 688 manu,

173 708 263 738 non
293 709 346 737 ex
378 693 551 752 sagittis
582 693 768 736 levibus:
801 708 824 736 e
855 707 1036 736 numero
1067 706 1224 750 precor
1480 702 1549 735 545

174 754 372 813 graviore
402 769 553 811 prome
586 753 702 810 quod
733 756 834 797 tuae
864 753 1060 796 nondum
1091 767 1246 796 manus

173 815 330 858 misere
361 814 409 858 in
439 815 646 871 aliquem3
678 828 768 856 non
798 814 885 856 levi
906 814 1006 857 telo
1038 816 1104 857 est
1135 828 1264 870 opus,

173 877 224 918 ut
255 883 400 932 amare
431 875 571 931 possit
601 873 823 917 Hercules.
884 874 1047 932 rigidas
1079 888 1234 917 manus

174 935 351 978 intende
382 937 427 978 et
456 949 605 978 arcum
637 934 841 978 cornibus
872 934 1034 979 iunctis
1063 949 1180 991 para.

174 1010 310 1051 nuno,
334 1010 451 1038 nuno
472 995 676 1053 sagittam
695 1009 847 1051 prome
873 1010 960 1051 qua
979 994 1198 1051 quondam
1218 992 1446 1038 horridum
1480 1005 1551 1037 550

172 1054 324 1099 Iovem
355 1055 524 1112 petisti,
553 1055 737 1099 fulmine
770 1055 940 1099 abiecto
973 1055 1078 1098 deus

176 1130 276 1160 eum
308 1116 452 1159 fronte
483 1115 630 1159 subita
658 1116 822 1159 tumuit
853 1118 897 1159 et
926 1115 1127 1159 rabidum
1159 1130 1277 1158 mare

175 1178 328 1219 taurus
359 1175 531 1232 puellae
562 1178 712 1219 vector
735 1175 939 1233 Assyriae
971 1175 1117 1232 scidit3

176 1236 365 1280 immitte
397 1250 607 1292 amorem,
637 1236 785 1281 vineat
816 1237 1016 1294 exempla
1047 1236 1211 1280 omnia:

177 1311 322 1343 amare
353 1296 496 1340 diseat
523 1296 766 1354 coniugem.
829 1297 866 1339 si
898 1311 1006 1353 quas
1037 1296 1168 1340 decor
1482 1307 1551 1339 555

175 1351 290 1400 Ioles
323 1357 481 1400 inussit
510 1358 679 1414 pectori
710 1356 925 1400 Herculeo
957 1357 1074 1401 faces
1081 1390 1094 1414 ‚

177 1417 384 1475 extingue
414 1419 548 1474 totas,
580 1418 782 1474 perbibat
811 1417 998 1461 formam
1031 1417 1128 1461 mei.

175 1479 227 1520 tu
256 1477 562 1520 fulminantem
594 1493 722 1534 saepe
754 1478 962 1521 domuisti
993 1477 1161 1534 Iovem,

177 1538 228 1579 tu
258 1537 385 1580 furva.
414 1538 531 1595 nigri
563 1542 734 1595 sceptra
765 1541 1008 1596 gestantem
1039 1538 1151 1595 poli,

176 1597 330 1641 turbae
362 1597 515 1641 ducem
547 1599 723 1641 maioris
756 1602 800 1642 et
831 1598 1056 1642 dominum
1089 1598 1257 1657 Stygis,
1482 1608 1555 1656 56q

176 1660 312 1714 tuque
345 1672 370 1701 o
401 1673 585 1701 noverca
616 1659 789 1716 gravior
819 1659 931 1702 irata
961 1659 1086 1714 deus,

178 1731 284 1774 cape
315 1717 431 1761 hunc
461 1718 732 1775 triumphum
765 1719 884 1762 solus
917 1722 960 1762 et
990 1719 1116 1764 vinee
1148 1719 1393 1763 Herculem.

177 1789 287 1821 ΠΤ.
319 1777 495 1821 Prolata
525 1779 592 1822 vis
624 1782 690 1822 est
721 1794 917 1836 quaeque
948 1779 1144 1823 Palladia
1175 1780 1275 1824 colu

178 1836 358 1881 lassavit
389 1853 561 1881 omnem
593 1841 713 1882 texta
743 1839 1001 1883 famularum
1036 1855 1226 1883 manum.

275 1959 344 1992 537
371 1958 497 1993 taetus
523 1957 627 1993 sinus
650 1961 680 1993 A
704 1958 846 1994 tacitus
871 1954 953 1994 msss
978 1962 1006 1994 Ε
1032 1970 1124 1996 corr·
1146 1959 1296 1996 Richter
1322 1959 1395 1996 ibd.
1421 1958 1554 2005 (tacite

179 2003 336 2040 intimas
356 2006 399 2040 ci.
415 2004 625 2042 Koetschau
643 2007 722 2042 coll.
739 2007 840 2042 Med.
856 2009 932 2042 818
956 2006 1047 2054 Thy.
1064 2010 1126 2054 97)
1145 2008 1159 2053 11
1178 2009 1249 2043 558
1267 2007 1291 2043 i.
1312 2006 1363 2043 ad
1380 2007 1479 2043 med.
1494 2010 1524 2043 Β
1544 2006 1550 2054 1

178 2065 261 2089 m.
287 2056 316 2088 Ε
350 2054 363 2099 11
401 2055 467 2088 541
489 2054 529 2089 te
553 2055 592 2089 te
617 2065 751 2100 precor
775 2056 806 2089 A
848 2056 861 2101 11
904 2058 975 2091 548
1000 2055 1129 2100 quatis
1154 2055 1274 2092 Bothe
1308 2056 1322 2102 11
1358 2057 1429 2091 ⁸48
1454 2057 1481 2091 t.
1502 2066 1552 2091 m.

178 2100 317 2184 ωΙίῗθι·
341 2103 371 2136 A
408 2103 420 2147 11
458 2104 527 2136 545
554 2113 600 2136 ex
624 2113 753 2138 umero
778 2106 807 2137 E
838 2104 851 2149 11
889 2106 959 2139 546
983 2103 1091 2150 gravi
1117 2103 1297 2150 deprome
1323 2106 1352 2138 E
1381 2102 1553 2150 graviore

178 2160 248 2196 pro
266 2160 307 2185 er
337 2151 367 2184 A
404 2160 494 2187 corr.
528 2157 565 2193 ψ
608 2154 621 2197 11
664 2153 734 2185 548
766 2149 892 2197 rigida
928 2161 1046 2187 manu
1081 2152 1132 2188 N.
1160 2151 1344 2189 Heinsius
1376 2163 1413 2197 p.
1444 2154 1517 2188 447
1567 2189 1569 2191 ,

181 2200 252 2233 550
278 2197 437 2233 condam
463 2201 492 2233 Ε
526 2199 532 2244 1
565 2197 740 2234 hon-idus
765 2201 796 2233 A
837 2199 851 2245 11
893 2201 965 2234 558
992 2199 1123 2236 timuit
1153 2201 1226 2236 A(v)
1250 2199 1256 2248 1
1283 2199 1462 2247 rapidum
1486 2201 1517 2235 A

180 2248 251 2281 558
277 2245 419 2282 excidit
437 2249 466 2281 Ε
483 2247 498 2293 11
517 2249 586 2281 555
612 2246 795 2293 coniuges
810 2249 842 2282 A
859 2248 872 2293 11
892 2249 962 2283 556
980 2247 1141 2284 immisit
1161 2247 1258 2284 Ioles
1277 2251 1310 2284 A
1326 2249 1349 2295 11·
1358 2251 1427 2284 557
1447 2247 1553 2285 flam—

180 2303 263 2330 mas
281 2294 357 2331 mei
371 2297 401 2329 A
419 2295 521 2342 11559
541 2294 646 2331 fulva.
657 2297 725 2330 EA
744 2306 836 2332 corr.
856 2302 895 2339 ψ
912 2296 926 2341 11
945 2298 1011 2331 561
1028 2296 1073 2332 tu
1092 2296 1158 2341 qui
1176 2308 1260 2333 nov.
1280 2300 1311 2332 A
1329 2298 1342 2343 11
1361 2299 1433 2334 563
1451 2295 1554 2332 solus

181 2341 312 2379 evince
330 2345 361 2378 A
378 2343 392 2390 11
411 2345 480 2379 568
506 2342 600 2379 colis
622 2347 651 2379 B
677 2342 782 2379 colus
801 2345 832 2378 A
857 2354 954 2380 com
969 2351 1006 2387 ψ
1033 2344 1120 2391 (Ay.
1150 2345 1234 2390 Vol.)
1254 2345 1267 2391 11
1286 2347 1357 2381 564
1381 2343 1461 2381 tela
1479 2351 1518 2388 ψ
1546 2344 1552 2393 1

180 2388 398 2427 fabularum
422 2401 557 2427 manus
582 2395 611 2426 1?-
636 2390 861 2427 famularem
887 2402 1042 2428 manum
1067 2395 1098 2427 A
1122 2403 1214 2430 corr.
1235 2400 1273 2437 ψ
