1618 2554
116 133 200 176 108
551 129 591 165 L.
613 128 682 164 AN
684 127 719 163 N
721 127 803 163 AEI
830 125 1051 163 SENECAE

310 299 560 347 IOOASTA
610 297 941 343 POLYNIOES
986 294 1293 340 ETEOCLES

208 387 260 431 In
291 403 360 431 nie
392 402 511 430 arma
542 388 586 428 et
616 386 740 443 ignes
772 384 945 438 vertite,
977 384 1022 425 in
1054 398 1124 425 me
1156 381 1298 425 omnis
1330 383 1433 439 ruat,

118 465 251 494 unam
284 449 485 491 iuventus
519 460 714 503 quaeque
747 445 799 488 ab
833 443 1011 488 Inachio
1044 443 1163 486 venit·

119 511 314 554 animosa
344 523 470 551 muro
503 521 699 564 quaeque
731 505 937 548 Thebana
968 505 1089 549 ferox
1421 513 1492 544 445

122 570 341 614 descendit
373 583 487 624 arce3
519 568 626 611 civis
658 569 787 623 atque
819 565 959 608 hostis
992 565 1123 607 simul

119 628 237 675 hunc
268 630 403 687 petite
433 631 647 683 ventrem,
680 628 755 684 qui
787 626 906 670 dedit
935 626 1091 668 fratres
1124 623 1229 668 viro.

82 697 88 702 “
120 692 227 735 haec
258 690 452 735 membra
483 689 646 746 passim
679 688 869 745 spargite
903 702 952 730 ac
985 686 1194 729 divellite:

121 767 202 810 ego
235 755 468 807 utrumque
499 750 648 806 peperi
679 774 738 780 —
769 748 932 805 ponitis
964 748 1128 790 sermm
1161 745 1313 789 ocius?
1403 797 1406 799 ‚

121 828 177 856 an
209 812 304 855 dico
337 814 380 855 et
411 826 464 854 ex
497 811 614 867 quo?
647 809 842 852 dexteras
874 809 1003 851 matri
1034 807 1152 862 date,
1425 815 1496 855 460

123 873 221 916 date
253 873 356 915 dum
382 872 483 930 piae
516 874 627 914 sunt.
692 885 810 914 error
841 870 1001 912 invitos
1034 867 1176 912 adhuc

122 934 226 977 fecit
255 936 477 988 nocentes,
509 946 635 975 omne
667 930 884 974 Fortunae
916 930 1002 973 fuit

123 994 342 1051 peccantis
375 993 421 1036 in
449 1007 531 1036 nos
563 993 744 1035 crimen:
776 990 860 1034 hoc
893 991 1082 1046 primum
1114 988 1236 1032 nefas

123 1056 237 1098 inter
268 1054 450 1098 seientes
482 1053 657 1111 geritur.
720 1053 766 1095 in
798 1055 941 1096 vestra
972 1066 1104 1094 manu
1136 1053 1219 1106 est,

123 1118 270 1158 utrum
301 1106 462 1157 velitis:
494 1116 642 1157 sancta
673 1113 709 1156 si
742 1113 881 1169 pietas
913 1112 1073 1168 placet,
1427 1119 1498 1151 455

124 1175 313 1220 †donate
344 1175 473 1218 matri
503 1189 673 1230 pacem,
705 1174 741 1215 si
773 1174 938 1230 placuit
969 1171 1127 1225 scelus,

127 1235 267 1279 maius
298 1237 497 1291 paratum
529 1238 612 1278 est:
644 1234 787 1277 media
819 1249 863 1277 se
897 1233 1081 1290 opponit
1112 1246 1280 1288 parens.

125 1295 307 1353 proinde
337 1295 499 1339 bellum
532 1294 674 1339 tollite
706 1298 783 1338 aut
812 1294 920 1338 belli
950 1309 1129 1337 moram.

127 1357 315 1400 sollicita
345 1357 415 1400 cui
446 1370 562 1399 nunc
594 1359 733 1398 mater
764 1356 931 1398 alterna
963 1369 1088 1411 prece

126 1417 258 1461 verba
287 1417 555 1460 admovebo?
587 1417 743 1459 misera
774 1431 903 1472 quem
937 1416 1174 1472 amplectar
1206 1414 1358 1472 prius?
1426 1423 1499 1455 460

126 1478 174 1521 in
204 1480 432 1533 utramque
462 1480 630 1533 partem
664 1477 798 1520 ducor
829 1477 985 1520 affectu
1018 1476 1125 1532 pari.

126 1538 200 1581 hie
231 1538 358 1594 afuit3
390 1538 465 1581 sed
494 1542 621 1594 pacta
653 1538 690 1580 si
720 1538 904 1581 fratrum
937 1536 1103 1592 valent,

127 1613 245 1642 nunc
276 1599 385 1642 alter
415 1598 564 1641 aberit.
627 1613 730 1656 ergo
763 1598 851 1641 iam
883 1613 1121 1654 numquam
1155 1598 1264 1640 duos

127 1659 213 1703 nisi
246 1658 308 1701 sic
338 1658 525 1702 videbo?
556 1658 688 1716 iunge
720 1659 971 1715 complexus
1003 1659 1134 1715 prior,

94 1723 97 1725 ’
129 1719 206 1776 qui
235 1722 304 1763 tot
332 1719 503 1762 labores
534 1722 687 1775 totque
719 1734 948 1776 perpessus
980 1719 1096 1762 mala
1429 1726 1502 1758 465

128 1780 263 1838 longo
296 1781 519 1837 parentem
552 1780 690 1823 fessus
723 1780 854 1823 exilio
887 1779 1018 1822 vides.

129 1841 282 1884 accede
314 1841 514 1897 propiuS‚
546 1840 670 1883 clude
702 1840 861 1897 vagina
892 1840 1075 1896 impium

130 1915 276 1945 ensem
309 1903 353 1944 et
382 1903 639 1944 trementem
672 1901 844 1956 iamque
876 1901 1123 1957 cupientem
1157 1899 1303 1946 excuti

227 2034 298 2068 443
323 2043 422 2068 nova
446 2042 599 2068 scaena:
631 2043 782 2066 ῙοοΑετΑ
807 2044 1002 2067 romanens
1029 2034 1060 2066 A
1093 2031 1257 2067 Eteoclis
1280 2041 1413 2067 nomen
1437 2029 1506 2066 ad-

131 2080 230 2119 didit
254 2081 407 2118 Richter
428 2082 433 2127 ι
455 2081 696 2116 contemnatur
720 2091 855 2116 scama
879 2084 907 2114 Ε
933 2082 945 2126 u
973 2083 1044 2115 444
1069 2090 1147 2115 una
1172 2082 1203 2114 Δ
1224 2080 1229 2125 1
1252 2079 1390 2114 inacho
1415 2081 1464 2113 Δτ
1494 2077 1507 2126 Η

131 2133 203 2167 446
229 2128 418 2165 discendit
450 2139 482 2164 a.
512 2128 610 2165 cives
644 2139 677 2164 a.
704 2128 832 2164 hostes
857 2140 884 2164 S.
911 2132 940 2163 E
966 2130 996 2173 *u
1038 2131 1109 2163 448
1135 2138 1221 2163 mea
1245 2126 1415 2163 membra
1439 2129 1471 2162 Δ
1498 2126 1505 2174 Ι

132 2178 294 2226 sparsim
307 2176 477 2224 spargite
489 2180 539 2212 Δτ
563 2178 575 2223 u
594 2180 665 2211 450
685 2175 836 2212 dextras
849 2179 898 2211 Δτ
922 2177 934 2222 u
953 2179 1025 2212 456
1039 2176 1179 2212 donate
1192 2175 1305 2211 matri
1319 2186 1454 2222 pacem
1468 2186 1508 2211 ω

132 2228 294 2264 matrem
328 2236 425 2273 pace
456 2237 485 2261 α
522 2224 637 2260 matri
668 2226 783 2271 pacta
808 2225 854 2261 L.
882 2224 1026 2260 Muller
1055 2223 1188 2267 matri,
1222 2223 1348 2261 facere
1373 2223 1510 2269 Peiper

133 2276 225 2312 date
245 2285 351 2312 arma
370 2273 485 2310 matri
510 2283 623 2309 saeva
648 2273 797 2309 Tachau
819 2273 971 2308 domate
989 2271 1151 2308 Martem
1177 2283 1273 2318 pace
1293 2273 1351 2309 M.
1367 2272 1511 2308 Malleo-

134 2324 203 2361 Ph.
215 2335 254 2370 p.
269 2325 345 2361 264
363 2325 376 2370 ss
394 2325 465 2358 458
485 2321 645 2368 proinde
664 2321 743 2357 iam
761 2320 905 2356 bellum
923 2325 952 2356 Ε
972 2321 984 2367 ΙΙ
1003 2323 1075 2356 459
1095 2320 1156 2356 cui
1175 2332 1275 2356 nunc
1294 2320 1460 2357 sollicita
1479 2323 1509 2355 Ε

133 2372 196 2409 cui
223 2371 389 2408 eollicita
412 2381 514 2407 nunc
539 2373 570 2405 A
595 2381 686 2407 corr.
707 2377 744 2414 ψ
781 2370 793 2416 u
830 2373 902 2405 462
929 2368 1054 2405 abfuit
1079 2372 1108 2403 A
1140 2372 1151 2415 Η
1182 2372 1252 2404 465
1278 2371 1320 2404 tu
1348 2369 1414 2416 qui
1438 2369 1508 2405 tot.

132 2421 207 2458 lab.
234 2424 288 2456 Δτ
307 2422 319 2467 ΙΙ
338 2422 409 2456 468
435 2420 568 2455 excute
594 2419 665 2453 A«)
