1618 2554
626 135 935 174 PHOENISSAE
1387 135 1475 180 105

94 236 232 283 silvis:
264 235 411 280 latebo
441 237 564 293 rupis
595 251 749 280 exesae
780 249 888 280 cavo

94 299 171 340 aut
201 311 303 355 sepe
334 296 468 340 densa
499 311 658 354 corpus
689 297 939 340 abstrusum
971 299 1132 365 tegam.
1405 307 1478 340 360

93 356 198 402 hinc
228 357 481 414 aucupabor
510 358 644 401 verba
672 358 862 402 rumoris
893 357 995 414 vagi
1214 375 1217 378 “

94 420 140 462 et
170 433 298 463 saeva
328 419 531 471 fratrum
545 419 679 474 bella,
712 418 830 475 quod
860 432 1062 476 possum,
1093 416 1278 461 audiam.

754 602 820 658 Β.

481 720 734 766 IOCASTA
785 719 1088 766 SATELLES

185 805 309 850 Felix
341 805 514 866 Agaue:
544 807 716 850 facinus
747 806 1014 851 horrendum
1046 822 1199 864 manu,

95 882 182 924 qua
210 868 392 924 fecerat,
424 869 613 926 gestavit
643 871 687 912 et
718 869 909 925 spolium
940 869 1045 912 tulit

94 930 274 972 cruenta
302 929 397 973 nati
427 944 604 973 maenas
636 929 682 972 in
713 932 859 986 partes
891 929 1000 985 dati3
1406 939 1479 973 365

94 989 202 1034 fecit
231 990 391 1045 scelus,
423 989 499 1033 sed
530 990 690 1033 misera
718 1003 809 1034 non
840 990 958 1033 ultro
989 1005 1069 1033 suo

97 1050 248 1093 sceleri
281 1051 536 1094 occucurrit.
598 1050 683 1094 hoc
714 1051 810 1093 leve
842 1054 909 1093 est
940 1050 1059 1107 quod
1091 1065 1187 1094 sum
1219 1064 1399 1094 nocens:

94 1110 180 1156 feci
210 1114 430 1155 nocentes.
491 1111 577 1155 hoc
610 1125 784 1168 quoque
817 1112 1067 1155 etiamnunc
1098 1113 1193 1155 leve
1225 1115 1308 1155 est:

95 1172 247 1229 peperi
277 1173 495 1215 nocentes.
560 1172 681 1215 derat
712 1173 932 1216 aerumnis
963 1173 1090 1229 meis,
1331 1205 1347 1210 ν

94 1235 147 1277 ut
177 1235 222 1276 et
251 1231 423 1276 hostem
456 1247 658 1276 amarem.
723 1232 880 1276 bruma
911 1235 979 1276 ter
1008 1233 1158 1290 posuit
1187 1233 1310 1277 nives
1408 1244 1481 1277 370

96 1295 142 1337 et
171 1294 302 1337 tertia
332 1294 420 1337 iam
451 1294 563 1337 falce
595 1293 802 1337 decubuit
835 1292 982 1349 Ceres,

95 1356 146 1397 ut
177 1353 277 1398 exul
308 1357 424 1398 errat
447 1357 576 1398 natus
610 1358 654 1398 et
684 1355 827 1411 patria
858 1358 975 1399 caret

96 1415 396 1474 profugusque
426 1430 580 1473 regum
614 1416 778 1459 auxilia
810 1413 1039 1458 Graiorum
1070 1417 1210 1474 rogat.

98 1490 233 1534 gener
263 1479 331 1519 est
359 1476 557 1531 Adrasti,
589 1477 712 1520 cuius
744 1477 929 1532 imperio
961 1491 1081 1520 mare

98 1536 215 1593 quod
247 1536 409 1582 scindit
440 1536 632 1581 Isthmos
662 1538 849 1595 regitur3
881 1537 954 1580 hic
985 1539 1137 1595 gentes
1168 1552 1269 1581 suas
1410 1548 1480 1581 375

98 1599 352 1654 septemque
384 1611 531 1641 secum
562 1613 700 1656 regna
731 1598 785 1640 sd
817 1598 1030 1641 auxilium
1062 1597 1198 1641 trahit

97 1672 270 1715 genero.
334 1657 439 1715 quid
470 1661 619 1715 optem
652 1658 812 1715 quidve
844 1658 1072 1702 decernam
1104 1660 1213 1702 haut
1244 1659 1346 1702 scio.

96 1733 281 1776 regnum
314 1720 522 1776 reposcit:
554 1734 684 1763 causa
715 1720 952 1776 repetentis
983 1720 1101 1763 bona
1132 1723 1216 1776 est,

98 1780 214 1823 mala
245 1780 308 1823 sic
338 1781 538 1837 petentis.
601 1782 705 1823 vota
736 1795 847 1837 quae
877 1779 1035 1824 faciam
1067 1781 1256 1838 parens?

97 1840 319 1898 utrimque
349 1843 503 1884 natum
534 1840 680 1885 video·
710 1841 776 1884 m'l
806 1855 987 1898 possum
1019 1842 1091 1898 pie
1409 1852 1482 1885 380

99 1901 262 1957 pietate
293 1899 414 1945 salva
443 1902 605 1945 facere:
637 1901 946 1959 quodcumque
977 1902 1105 1946 alteri

99 1961 885 2080 gpgagofflgzefieguffvssuzffigz
916 2022 1076 2067 affectu
1106 2023 1220 2080 pari,

100 2097 188 2139 quo
220 2097 351 2127 causa
382 2084 539 2127 melior
569 2099 749 2141 sorsque
782 2084 971 2127 deterior
1000 2083 1137 2127 trahit

197 2192 269 2227 ³8³
300 2202 1148 2228 100AsTA-sAmLms·1>ot.vxers·ssTqucm?-s
1170 2195 1199 2226 Ε
1230 2203 1365 2228 scaena
1396 2202 1481 2227 con-

100 2238 275 2274 tinuatur
292 2241 324 2274 A
342 2240 355 2286 ss
374 2242 445 2275 868
470 2238 573 2275 ultra
598 2251 636 2276 ω
661 2250 754 2277 corr.
782 2240 833 2276 N.
847 2239 1033 2276 Heinsius
1053 2251 1092 2287 p.
1114 2243 1162 2276 55
1187 2239 1290 2276 ultra
1315 2240 1483 2284 defendit

102 2287 160 2323 M.
183 2286 327 2324 Malla
345 2299 386 2333 p.
412 2289 464 2324 20
485 2289 491 2334 Ι
513 2299 623 2324 suum
649 2291 680 2323 Δ
705 2289 718 2334 n
743 2291 812 2324 ³67
841 2287 964 2325 scelus
989 2288 1062 2324 hoc
1092 2288 1260 2324 cucurrit
1285 2291 1316 2323 Δ
1347 2287 1481 2324 sceleri

99 2334 306 2371 ocem-ritu
332 2346 425 2373 corr.
448 2335 598 2373 Gronov
616 2338 629 2382 ΙΙ
648 2339 718 2372 ³6⁸
739 2337 856 2372 etiam
875 2348 951 2374 non
972 2340 1021 2372 Δτ
1054 2339 1143 2381 (exc.
1172 2336 1257 2382 Vd.)
1278 2339 1291 2383 ss
1310 2340 1381 2373 8⁷5
1401 2336 1482 2372 cin-

100 2383 162 2430 git
184 2395 223 2420 ω
260 2394 352 2420 corr.
382 2384 533 2422 Gronov
555 2387 561 2431 Ι
582 2385 766 2423 isthomos
791 2389 821 2420 B
852 2385 1003 2421 hismon
1028 2389 1059 2421 Δ
1101 2387 1114 2432 η
1158 2388 1227 2421 87⁷
1258 2385 1389 2432 generi
1415 2388 1446 2420 Δ
1467 2386 1482 2432 fl

101 2434 173 2467 880
196 2433 401 2477 utrumque
426 2444 465 2469 ω
490 2444 582 2470 corr.
604 2433 721 2471 Bothe
747 2433 938 2481 (Bentley)
962 2435 966 2481 ξ
988 2433 1109 2470 nichil
1133 2437 1163 2470 Β
