1598 2548
651 118 930 157 PRAEFATIO
1413 121 1479 158 VII

101 224 344 266 conficiendo
382 224 641 276 desperaret,-
662 224 775 264 enixe
811 237 884 275 per
921 224 1079 264 litteras
1116 237 1181 264 me
1216 225 1390 277 rogavit,
1426 238 1478 264 ne

102 286 371 328 communium
408 285 589 324 laborum
622 285 755 336 perire
791 285 970 324 fructum
1006 285 1189 325 sinerem.
1245 283 1478 325 Moribundi

100 346 283 398 precibus
314 348 361 386 ut
392 345 682 395 satisfacerem,
713 345 856 384 nuntio
887 344 936 384 de
969 345 1052 384 eius
1083 345 1199 386 obitu
1230 345 1356 385 allato
1387 359 1476 385 mu·

100 409 187 447 neri
211 406 410 447 editionis·
424 418 552 445 novae
579 405 846 445 absolvendae
870 408 994 457 atque
1012 407 1056 445 in
1080 405 1214 446 lucem
1232 406 1476 446 emittendae

98 469 232 508 totum
261 470 326 506 me
357 461 506 520 dedi.*)
557 465 606 505 In
637 478 716 517 quo
747 466 910 519 negotio
941 468 989 505 ut
1018 467 1234 506 veritatem
1264 468 1306 506 et
1334 466 1476 506 iudicii

98 528 327 568 libertatem
370 526 508 567 debita
551 538 648 578 erga
691 527 866 566 amicum
900 527 1052 577 pietate
1089 529 1371 579 temperarem,
1414 527 1476 567 ita

99 588 200 628 mihi
235 586 476 628 versandum
515 600 598 627 esse
630 587 743 638 duxi,
780 590 827 626 ut
856 589 900 626 in
930 590 1075 638 poetae
1105 585 1239 627 verbis
1270 590 1312 627 et
1340 600 1475 627 recen-

100 648 232 688 sendis
264 650 306 688 et
337 647 595 688 emendandis
627 647 758 687 solum
789 647 832 687 id
862 660 1049 698 sequerer
1078 647 1189 699 quod
1218 661 1359 688 verum
1389 659 1475 688 esse

99 708 164 748 vel
182 709 266 749 veri
285 708 415 748 simile
434 709 625 761 religiosa
641 705 930 748 deliberatione
948 710 1035 760 ipse
1053 708 1155 748 mihi
1172 709 1475 760 persuasissem,

100 769 220 809 amici
251 772 385 809 tamen
417 768 614 808 iudicium
643 772 684 809 et
714 770 966 817 sententiam,
993 768 1064 808 ubi
1090 782 1114 808 a
1138 780 1229 809 meo
1253 768 1476 809 discederet

98 828 164 869 vel
199 830 243 869 in
279 831 370 882 ipse.
407 829 668 870 adnotatione
705 829 846 869 critica
883 830 948 869 vel
984 829 1181 881 peculiari
1213 829 1474 881 Peiperianae

98 891 283 930 lectionis
322 891 538 941 conspectu
568 886 666 944 huic
696 890 942 941 praefationi
972 889 1111 930 addito
1143 890 1290 930 diserte
1321 889 1473 942 signifi-

98 961 240 991 carem.
289 949 376 998 Quo
408 953 544 990 autem
575 950 744 990 consilio
776 953 816 990 et
846 951 1004 990 ratione
1034 950 1178 1002 opibus
1211 952 1252 990 et
1283 949 1474 990 subsidiis

99 1009 150 1050 ab
182 1011 254 1051 illo
284 1011 437 1051 relictis
471 1010 522 1051 ad
553 1023 655 1062 opus
688 1011 977 1051 conficiendum
1014 1023 1109 1051 usus
1141 1012 1237 1062 sim,
1275 1023 1474 1050 commen-

97 1073 253 1111 tatione
285 1084 408 1123 supra
437 1074 662 1111 memorata.
693 1070 825 1122 docui,
850 1072 978 1123 ipsius
1008 1071 1159 1111 laboris
1182 1084 1333 1124 magna
1356 1074 1473 1123 parte

98 1132 262 1171 lecturis
292 1132 512 1184 proposita,

188 1192 323 1242 Atque
360 1194 404 1231 in
440 1193 539 1243 ipsis
575 1193 796 1245 tragoediis
837 1192 1087 1232 recensendis
1130 1193 1171 1232 et
1214 1192 1472 1233 emendandis

97 1252 195 1304 quid
226 1255 351 1292 etiam
380 1255 474 1303 post
507 1254 688 1306 egregias
720 1253 941 1293 Fssmnmm
971 1251 1127 1292 Lnoms
1159 1247 1353 1307 ouras,**)
1391 1266 1471 1304 quo

95 1316 189 1364 post
225 1312 477 1353 Gnoxovmu
514 1313 714 1354 neminem
751 1313 800 1352 de
837 1313 912 1352 boe
950 1313 1180 1353 litterarum
1211 1315 1471 1353 monumento

95 1374 238 1413 melius
268 1375 458 1413 meritum
485 1384 568 1414 esse
600 1376 769 1424 constat,
794 1375 994 1425 praestari
1018 1386 1135 1425 posse
1166 1374 1373 1414 videretur
1395 1374 1472 1414 hoo

97 1434 185 1474 loc-o
210 1434 486 1486 exponendum
511 1437 582 1474 est.
633 1431 712 1481 Qui
742 1446 833 1474 cum
858 1434 1074 1474 Etruscum
1103 1434 1232 1484 illum,
1264 1436 1470 1486 praestan·

93 1494 299 1534 tissimum
325 1494 594 1536 bibliothecae
623 1493 921 1535 Laurentianae
951 1494 1251 1564 tragoediarum
1283 1494 1472 1569 codicem,

96 1551 176 1594 et
185 1555 347 1595 unicum
372 1556 570 1608 genuinae
594 1554 896 1609 tragoediarum
914 1556 1092 1607 corporis
1114 1551 1361 1607 exemplum'
1387 1568 1471 1595 ma-

95 1616 205 1655 xima
229 1615 456 1655 subtilitate
487 1616 574 1667 ipse
600 1615 730 1656 denuo
763 1617 1011 1666 excussisset,
1041 1618 1083 1656 et
1106 1612 1238 1655 multa.
1261 1616 1326 1655 vel
1352 1616 1472 1656 aliter

96 1687 136 1715 se
167 1675 313 1728 legisse
343 1687 467 1727 quam
498 1687 523 1715 a
553 1676 668 1717 nobis
704 1688 751 1717 ex
784 1675 836 1715 H.
867 1676 1026 1715 Parnm
1063 1677 1280 1718 collatione
1316 1675 1471 1716 tradita

94 1738 211 1775 erant
239 1733 304 1776 vel
328 1736 380 1776 ab
403 1735 479 1776 hoe
511 1737 674 1777 silentio
700 1749 891 1788 oppressa
917 1737 1077 1776 disertis
1102 1736 1235 1776 verbis
1259 1736 1470 1787 indicaret,

95 1796 198 1836 hano
224 1795 519 1837 dubitationem
542 1810 567 1837 a
585 1797 681 1837 Jou.
702 1797 987 1837 Tsomnnmo
1014 1810 1102 1837 meo
1127 1799 1274 1849 rogatu
1298 1797 1359 1836 ita.
1385 1810 1469 1837 esse

93 1857 340 1908 expeditam,
376 1859 424 1896 ut
461 1858 517 1896 eis
554 1857 653 1898 locis
692 1856 761 1897 ubi
799 1856 847 1897 de
879 1859 1081 1909 scriptura
1113 1857 1291 1897 dubitari
1321 1859 1469 1908 posset,

93 1917 225 1957 denuo
254 1918 460 1968 inspectis,
492 1931 516 1957 a
546 1916 692 1957 Laome
721 1929 818 1958 vera
848 1918 979 1957 relata
1004 1932 1088 1958 esse
1120 1919 1280 1969 praeter
1309 1919 1467 1969 paucis-

94 1977 197 2016 sima
228 1979 442 2027 constaret,
466 1978 510 2017 in
540 1979 877 2018 commentatione
904 1980 1044 2018 critica
1070 1978 1283 2029 Symbolae
1302 1978 1470 2018 Jenensi

190 2116 226 2200 ’ἰ
248 2115 358 2161 Quod
382 2128 481 2153 nova
505 2117 624 2154 editio
653 2129 778 2154 annuo
804 2117 929 2164 spatio
956 2118 1101 2154 diutius
1126 2128 1240 2163 quam
1265 2116 1469 2163 oportebat

95 2173 120 2199 a
142 2175 210 2211 pre
227 2173 250 2201 o
274 2165 471 2212 prohibita
495 2169 564 2210 est,
591 2165 631 2201 id
663 2177 741 2202 non
764 2175 850 2202 mea
877 2165 963 2212 culp
966 2178 989 2202 a
1015 2166 1082 2201 sed
1107 2165 1282 2202 officinae
1310 2167 1347 2201 et
1367 2165 1468 2201 Sosi-

93 2222 208 2280 orum⁸
223 2214 438 2251 nostrorum
462 2213 755 2251 necessitatibus
780 2212 925 2250 factum
952 2225 1032 2250 esse
1057 2207 1315 2251 monendum
1313 2213 1415 2250 duxi.

266 2261 307 2298 L.
333 2262 480 2298 Annaei
512 2262 677 2300 Senecae
702 2265 763 2299 tra
792 2262 937 2304 oediae
969 2262 1158 2298 recensuit
1182 2263 1222 2299 et
1250 2261 1467 2298 emendavit

94 2307 306 2346 Fridencus
331 2309 417 2346 Leo
445 2309 613 2347 Berolini
641 2311 744 2357 apud
821 2310 1043 2347 eidmannos
1071 2314 1174 2346 1879.
1225 2308 1309 2346 Vol.
1340 2310 1464 2355 primo

94 2355 150 2392 De
169 2355 252 2393 Seu.
273 2359 370 2405 trag.
391 2358 672 2395 observationes
700 2359 866 2403 criticae
893 2357 975 2395 Vol.
998 2359 1117 2395 altero
1137 2359 1221 2394 Seu.
1242 2358 1464 2405 tragoediae

92 2406 132 2440 et
158 2403 315 2441 Octavia
341 2407 590 2443 eontinentur

257 2449 299 2526 Q
