1598 2548
100 83 151 120 VI
646 80 924 118 PRAEFATIO

102 186 307 236 accedunt,
333 198 434 236 quae
467 185 519 224 ad
550 185 727 225 indolem
752 186 793 223 et
817 185 989 224 formam
1020 182 1151 234 operis
1176 184 1284 222 recte
1314 181 1473 222 intelle-

100 246 270 300 gendam
290 258 600 286 commemorare
619 246 789 296 oportet.
832 243 1147 296 Tragoediam
1170 243 1298 295 igitur
1317 243 1473 282 textum

100 320 191 347 cum
221 308 282 347 ita
313 306 513 346 communi
545 318 668 356 opera
698 307 740 344 et
767 304 904 358 labore
935 303 1266 344 conformandum
1297 302 1474 344 duxisse-

103 380 204 419 mus,
228 369 276 405 ut
301 367 403 407 alter
426 366 594 406 alterius
617 366 783 405 inventa
807 365 874 405 vel
898 364 1052 415 placita
1076 363 1183 405 socio
1209 363 1475 404 examinanda

105 428 346 480 proponeret-
387 428 428 466 et
470 425 728 465 diiudicanda
770 425 1018 477 singulisque
1065 423 1367 476 quaestionibus
1413 425 1475 464 in·

105 489 236 528 vicem
266 487 451 526 tractatis
483 488 524 526 et
553 487 783 526 retractatis
807 485 849 524 id
876 484 1035 525 demum
1061 496 1404 536 consequeremur,
1427 485 1476 523 ut

102 550 299 599 quantum
334 547 422 586 fieri
452 549 605 598 posset,
636 546 743 585 idem
774 546 824 585 ab
863 547 1033 596 utroque
1071 546 1335 595 statueretur,
1370 545 1474 584 hanc

102 620 213 661 spem
251 607 304 648 ad
338 608 500 647 irritum
537 607 653 646 nobis
692 606 879 647 cecidisse
916 606 1068 644 invitus
1106 604 1305 656 profiteor.
1367 604 1476 645 Nam

99 668 240 708 multis
270 669 313 707 in
343 668 461 707 rebus
493 668 655 707 tametsi
681 666 831 719 iudicia
861 666 1038 718 primum
1064 665 1290 706 differentia.
1313 666 1358 705 in
1382 677 1476 706 con-

101 741 260 770 sensum
291 728 462 779 denique
500 727 644 778 abiere,
676 727 724 766 de
755 739 835 767 non
867 727 1006 778 paucis
1045 727 1180 765 tamen
1216 726 1348 778 iisque
1385 739 1474 779 gra-

86 788 274 836 =vissimis
319 788 621 839 quaestionibus
664 789 802 827 tantus
846 787 996 827 mansit
1040 787 1261 837 dissensus,
1305 787 1352 826 ut
1395 798 1476 837 qua¹

100 849 263 889 tandem
294 849 450 888 ratione
482 848 684 887 communi
716 847 885 887 editioni
910 846 1235 898 prospiciendum
1259 847 1376 896 foret,
1402 859 1476 900 ego

103 909 266 961 quidem
297 908 480 960 expedire
514 910 554 947 et
586 907 779 960 dispicere
811 920 891 947 non
921 919 1091 959 possem.
1147 906 1272 947 Velut
1301 907 1345 946 in
1376 906 1476 959 ipsis
1535 921 1538 924 ’

102 972 245 1022 poetae
271 969 401 1009 verbis
428 967 717 1009 constituendis
744 981 835 1008 cum
863 981 952 1007 eam
976 968 1128 1007 laboris
1154 968 1262 1023 socio
1294 979 1476 1007 normam

101 1030 410 1082 proposuissem,
434 1031 482 1068 ut
505 1029 618 1069 nulla.
643 1030 844 1080 scriptura
868 1030 912 1067 in
942 1029 1099 1068 textum
1129 1028 1373 1078 reciperetur
1397 1026 1476 1068 nisi

103 1091 153 1130 ab
173 1092 345 1141 utroque
371 1089 643 1141 comprobata,
661 1089 842 1129 indicata
868 1091 1005 1128 tamen
1030 1081 1323 1128 sententiarum
1347 1087 1476 1127 diver-

103 1152 223 1191 sitate
242 1150 285 1189 in
305 1149 564 1190 adnotatione
585 1151 736 1200 critica,
756 1146 825 1189 ille
850 1149 1085 1189 servitutem
1110 1149 1214 1187 hane
1234 1147 1476 1199 exprobrans

105 1223 339 1251 consensum
375 1211 547 1263 respuit,
584 1223 665 1251 non
701 1212 837 1250 tamen
876 1209 1075 1260 quomodo
1108 1220 1236 1260 aequo
1267 1208 1353 1247 iure
1385 1220 1476 1248 con-

104 1270 300 1311 troversia
340 1273 475 1322 posset
515 1271 701 1322 componi
742 1270 981 1322 designavit.
1055 1269 1162 1308 Nam
1201 1270 1249 1308 ut
1288 1270 1376 1308 erat
1415 1268 1478 1308 vir

103 1332 273 1383 simplex
305 1333 345 1370 et
375 1331 523 1381 probus
556 1332 596 1370 et
628 1332 762 1371 animo
798 1327 1115 1380 candidissimus,
1148 1329 1206 1369 sie
1238 1329 1361 1369 etiam
1391 1327 1477 1379 opi-

103 1391 235 1431 nionis
267 1391 389 1431 semel
415 1394 627 1442 conceptae
659 1391 760 1429 haut
784 1401 888 1440 raro,
911 1392 960 1429 ut
991 1388 1093 1429 mihi
1122 1388 1285 1440 quidem
1315 1387 1476 1429 videba-

103 1453 189 1502 tur,
225 1453 331 1491 iusto
369 1452 559 1491 tenacior.
623 1449 753 1497 Quam
789 1450 839 1491 ob
876 1462 962 1489 rem
1000 1450 1197 1490 adjutoris
1229 1445 1406 1489 officium
1438 1450 1479 1489 et

105 1510 284 1551 laborem
308 1513 514 1562 praestare
545 1513 711 1562 paratus
737 1510 902 1552 editoris
928 1522 1072 1550 nomen
1103 1512 1143 1550 et
1167 1509 1391 1560 periculum
1414 1508 1479 1548 illi

106 1571 364 1622 demandare,
402 1585 526 1622 quam
563 1573 649 1622 ipse
687 1571 896 1611 servitium
934 1569 1135 1621 quoddam
1172 1569 1305 1609 subire
1339 1568 1478 1610 malui.

105 1631 405 1684 Ingravescenti
447 1633 616 1683 posthac
659 1632 780 1671 amici
823 1630 1054 1671 valetudine
1100 1643 1190 1670 cum
1229 1630 1276 1670 de
1315 1629 1478 1682 negotio

108 1733 462 1781 Vereffentlichung
500 1734 566 1770 der
603 1745 726 1770 neuen
762 1733 1021 1780 Bearbeitung
1057 1732 1124 1768 des
1159 1732 1305 1776 Textes,
1345 1731 1480 1768 dessen

109 1781 337 1828 Gestaltung
368 1782 487 1818 durch
518 1782 580 1819 die
612 1781 840 1829 Ergebnisse
870 1792 986 1817 neuer
1014 1780 1342 1828 Vergleichungen
1371 1778 1480 1816 nieht

109 1829 331 1867 wesentlich
349 1829 570 1867 beeinflusst
587 1831 739 1867 werden
757 1829 873 1874 kann,
886 1829 1020 1865 immet·
1038 1828 1179 1865 wieder
1198 1826 1480 1875 aufgeschoben

108 1878 189 1915 und
218 1878 318 1914 nach
348 1878 511 1915 meinem
542 1877 682 1914 Greffih]
714 1877 764 1914 ad
788 1877 974 1913 kalendas
1001 1887 1157 1924 graecas
1189 1877 1294 1913 verta
1322 1877 1339 1912 t
1363 1875 1480 1911 seben

111 1939 156 1962 zu
180 1929 343 1970 mfissen,
371 1926 439 1962 das
463 1926 562 1962 habe
588 1926 650 1962 ich
670 1926 768 1962 doch
792 1926 927 1962 immer
945 1924 1114 1972 peinlich
1133 1924 1288 1971 empfun
1317 1934 1374 1960 en.
1405 1922 1480 1959 Um

111 1987 152 2012 so
177 1974 286 2011 mehr
309 1973 415 2010 fflhle
440 1973 503 2010 ich
527 1973 629 2010 mich
653 1974 752 2011 nach
772 1974 859 2010 dem
877 1973 982 2010 Tode
1008 1973 1074 2010 des
1099 1971 1331 2018 trefflichem
1358 1970 1481 2008 seiner

111 2024 182 2060 Art
206 2023 388 2069 getreuen
412 2022 570 2058 Mannes
596 2021 843 2069 verpflichtet,
870 2022 945 2059 den
969 2021 1109 2068 Ertrag
1139 2020 1263 2057 seiner
1285 2019 1480 2057 rediichen

111 2070 246 2117 Arbeit
271 2070 547 2107 aufznnehmen
571 2070 650 2105 und
674 2069 970 2107 weiterfiihrend
993 2081 1041 2106 zu
1064 2070 1285 2114 verwerten,
1308 2066 1481 2115 zugleich‘

113 2119 205 2155 aber
229 2118 328 2155 auch
354 2118 408 2154 eie
434 2117 587 2155 endlich
611 2118 753 2154 eimnal
777 2130 824 2154 zu
850 2118 989 2162 einem‚
1021 2129 1132 2154 wenn
1160 2115 1261 2153 auch
1289 2127 1360 2152 nm·
1384 2114 1481 2151 rela-

112 2167 216 2204 tiven
241 2165 449 2203 Abschluss
474 2178 520 2202 zu
543 2165 715 2214 bringen.
767 2166 844 2202 Das
876 2177 954 2203 war
978 2165 1041 2202 ich
1066 2165 1152 2201 dem
1176 2163 1390 2202 Andenken
1414 2163 1480 2199 des

112 2214 306 2252 Freundes
335 2213 410 2251 wie
440 2215 508 2250 der
537 2213 817 2251 wissenschaft
846 2214 887 2250 in
918 2213 1106 2261 gleichem
1136 2213 1261 2250 Massa
1293 2210 1480 2258 schuldig.

114 2263 186 2300 Die
221 2274 318 2300 neue
355 2262 613 2309 Bearbeitung
651 2263 718 2298 der
754 2262 971 2309 Tragodien
1009 2261 1101 2298 aber
1135 2260 1287 2298 rnechte
1319 2259 1382 2296 ich
1415 2271 1483 2295 um

115 2311 241 2348 ferner
263 2310 460 2359 liegender
484 2310 640 2346 Zwecke
664 2310 792 2346 willen
818 2310 893 2346 den
917 2309 1114 2357 gelehrten
1140 2308 1308 2353 Kteisen‚
1335 2307 1398 2344 die
1426 2307 1482 2344 sie

118 2360 303 2396 erwarten
328 2358 473 2403 diii-fen,
499 2358 606 2394 nieht
630 2359 763 2405 liinger
788 2358 843 2394 als
869 2358 979 2405 niitig
1003 2356 1180 2404 schuldig
1202 2355 1382 2393 bleiben.’
