1618 2554
168 124 256 167 334
606 122 645 158 L.
667 120 858 159 ANNAEI
883 117 1106 155 SENECAE

168 222 351 265 referam
384 221 489 276 quid
522 220 658 263 alias?
690 234 845 276 nempe
871 216 1143 273 Thespiades
1170 218 1325 260 vacant

167 282 373 336 brevique
405 282 451 323 in
484 280 580 324 illas
613 281 718 323 arsit
744 279 919 322 Alcides
950 277 1056 320 face.
1469 285 1540 318 370

166 342 325 398 hospes
351 340 511 383 Timoli
542 341 723 397 Lydiam
754 339 867 383 fovit
896 353 1055 381 nurum

167 405 211 445 et
242 417 386 444 amore
419 403 571 457 eaptus
604 401 658 443 ad
688 401 804 444 leves
838 398 950 443 sedit
981 398 1121 453 colus,

125 472 131 477 “
168 462 301 504 udum
334 461 468 505 feroci
501 463 669 504 stamen
700 461 955 516 intorquens
987 473 1130 501 manu.

166 537 322 578 nempe
353 522 430 564 illa
461 522 606 565 cervix
638 521 779 578 spolia
811 519 1012 576 deposuit
1042 518 1157 561 ferae

167 582 415 637 crinemque
448 582 578 624 mitra
608 582 766 637 pressit
797 583 841 623 et
870 580 1060 623 famulus
1093 578 1234 633 stetit,
1469 586 1540 619 375

115 648 117 650 ’
167 642 327 685 hirtam
361 640 526 685 Sabaea
557 641 774 684 marcidus
806 639 983 697 myrrha
1014 653 1202 682 comam.-

167 702 329 758 ubique
361 702 513 758 caluit,
545 701 619 745 sed
651 702 737 744 levi
770 701 905 744 caluit
934 700 1040 743 face.

168 774 262 807 DEI.
294 761 482 806 Haerere
514 764 708 805 amantes
739 763 840 818 post
870 774 1004 818 vagos
1023 760 1160 817 ignes
1193 759 1345 802 solent.

166 834 275 865 Nv'r.
308 821 588 865 Famulamne
621 825 664 864 et
694 821 834 865 hostis
867 821 1080 877 praeferet
1111 822 1287 878 gnatam
1320 818 1432 860 tibi‘?

168 895 260 925 DEI.
293 882 355 925 Vt
386 883 475 925 alta
506 882 636 926 silvas
668 882 809 925 forma
840 884 1067 924 vernantes
1100 880 1251 935 habet,
1470 887 1541 920 380

168 958 275 999 quas
307 958 481 987 nemore
513 942 629 985 nudo
662 943 828 999 primus
860 942 1039 985 investit
1070 943 1209 998 tepor,
1310 940 1313 943 ‘

168 1005 213 1045 at
245 1016 342 1046 eum
375 1004 541 1046 solutos
573 1003 741 1059 expulit
772 1002 932 1045 Boreas
966 1000 1107 1044 Notos

167 1066 212 1106 et
243 1079 369 1106 saeva
400 1065 514 1106 totas
547 1062 702 1105 bruma
734 1063 937 1106 discussit
969 1075 1134 1117 comas,

168 1123 358 1167 deforme
391 1124 495 1167 solis
528 1124 686 1180 aspicis
717 1124 882 1167 truncis
914 1138 1084 1166 nemus:

168 1184 230 1227 sic
260 1186 409 1227 nostra
439 1185 621 1241 longum
651 1184 793 1226 forma
825 1197 1078 1240 percurrens
1111 1183 1193 1225 iter
1279 1209 1282 1213 -
1406 1187 1409 1192 “
1470 1189 1540 1222 385

169 1244 365 1300 deperdit
397 1244 562 1300 aliquid
594 1258 764 1300 semper
794 1247 838 1286 et
869 1245 1011 1301 fulget
1042 1244 1186 1286 minus

168 1318 248 1347 nec
280 1304 355 1348 illa
386 1307 509 1347 vetus
542 1306 618 1348 est.
683 1304 892 1362 quiequid
923 1304 968 1347 in
1000 1304 1128 1347 nobis
1158 1303 1244 1346 fuit

169 1365 273 1408 olim
306 1365 491 1421 petitum
525 1363 682 1408 cecidit
714 1366 790 1408 aut
821 1365 984 1421 pariter
1014 1363 1143 1407 labat.

169 1428 287 1468 aetas
321 1426 453 1468 citato
488 1426 632 1468 senior
664 1425 823 1481 eripuit
853 1424 990 1482 gradu
1289 1438 1292 1440 ’
1470 1431 1541 1464 390

170 1487 392 1540 materque
424 1485 611 1528 multum
643 1486 788 1541 rapuit
821 1500 873 1528 ex
906 1485 983 1528 illo
1015 1483 1135 1527 mihi.
1471 1490 1540 1525 389

169 1545 287 1588 vides
318 1547 369 1587 ut
401 1546 535 1588 altum
567 1546 732 1588 famula
762 1560 851 1588 non
883 1545 1036 1602 perdat
1068 1544 1227 1588 decus?
1471 1552 1538 1584 391

170 1620 333 1649 cessere
367 1606 509 1648 cultus
542 1606 716 1662 penitus
749 1608 792 1648 et
824 1604 986 1662 paedor
1016 1605 1154 1662 sedet3

265 1727 336 1758 369
361 1723 569 1769 Thespides
594 1728 623 1759 E
648 1734 757 1759 mene
777 1724 1011 1770 Thespiades
1036 1724 1197 1760 vocant?
1222 1725 1252 1757 A
1270 1724 1283 1769 ΙΙ
1302 1724 1373 1757 370
1399 1721 1439 1757 in
1462 1707 1542 1756 illis

169 1773 219 1807 N.
235 1771 418 1807 Heinsius
436 1774 449 1818 ῃ
468 1774 534 1807 371
559 1772 594 1807 h.
615 1772 855 1817 tymolidiam
883 1771 906 1808 f.
928 1784 962 1808 n.
984 1775 1012 1807 Ε
1031 1774 1045 1818 fl
1064 1768 1336 1816 Svss‘meroque
1355 1769 1407 1805 N.
1421 1769 1542 1805 Hein-

169 1821 247 1856 sius
263 1832 299 1865 p.
322 1822 391 1855 441
413 1820 490 1856 coll.
512 1832 542 1856 v.
566 1822 639 1856 572
661 1824 666 1866 Ι
690 1820 790 1856 colos
817 1833 853 1856 ω
873 1822 885 1867 η
905 1823 974 1856 373
1001 1832 1118 1856 unum
1138 1823 1170 1854 A
1196 1818 1321 1855 colum
1346 1817 1372 1853 f.
1394 1820 1423 1852 Ε
1448 1827 1540 1854 corr.
1603 1821 1612 1831 ·

172 1868 216 1905 G.
241 1868 374 1904 Cancer
399 1879 481 1904 nov.
503 1869 578 1904 leet.
593 1880 633 1914 p.
656 1871 729 1904 137
755 1870 941 1915 (tenerum
966 1869 1068 1914 Birt)
1092 1870 1097 1913 1
1119 1869 1248 1904 tamen
1273 1871 1302 1902 B
1330 1868 1343 1914 ss
1371 1868 1442 1902 8¹14
1466 1863 1542 1900 Ne-
1572 1870 1577 1874 ’

169 1926 302 1951 meaea
327 1927 357 1951 e.
379 1916 429 1951 N.
452 1916 581 1953 Heins.
607 1928 646 1962 p.
667 1919 741 1952 442
777 1918 790 1963 ss
827 1920 896 1952 378
922 1918 1080 1954 nutricis
1103 1920 1231 1953 notam
1254 1915 1326 1952 huc
1350 1913 1542 1951 transtulit

170 1975 215 2001 ex
239 1976 270 2000 v.
294 1966 367 2000 379
393 1968 420 1998 E
440 1965 452 2010 Η
472 1967 542 1999 379
568 1964 752 2001 famulam
777 1975 846 2000 nee
872 1965 907 2002 h.
928 1969 956 2000 Ε
979 1967 984 2012 Ι
1007 1964 1176 2012 galatam
1193 1967 1225 1999 Ἐ
1244 1964 1257 2009 ΙΙ
1276 1964 1468 1998 sao—³90
1492 1961 1539 2006 ef.
1583 2000 1587 2003 ,

174 2012 246 2049 Leo
277 2013 306 2047 I
324 2012 486 2059 194'sqq.
515 2011 570 2048 M.
594 2012 736 2049 Maller
761 2024 800 2059 p.
830 2015 877 2048 44
893 2024 965 2059 sqq.
1010 2015 1026 2059 st
1067 2016 1138 2048 380
1160 2014 1215 2048 ‘ut
1245 2012 1349 2048 laeta
1381 2009 1542 2057 Madviy

170 2062 221 2096 ΙΙ
238 2063 324 2104 126,
356 2065 397 2096 at
421 2061 467 2104 ef.
494 2072 525 2096 v.
547 2063 618 2096 391
654 2062 659 2107 Ι
693 2071 795 2096 uern.
823 2059 896 2096 alit
920 2064 951 2096 A
993 2063 1005 2107 u
1048 2064 1114 2096 381
1141 2072 1224 2096 eum
1258 2069 1414 2096 nemora
1437 2056 1541 2094 nuda

171 2110 214 2148 ei.
237 2109 313 2145 Leo
356 2110 368 2155 ΙΙ
412 2111 483 2144 382
508 2108 645 2144 extulit
670 2109 725 2145 vel
749 2109 894 2145 excutit
917 2117 955 2153 ψ
983 2109 1095 2154 (illud
1122 2109 1186 2146 Vd.
1203 2107 1280 2156 Ay.
1299 2108 1367 2144 hoc
1389 2110 1421 2144 12
1439 2109 1504 2151 10)
1529 2107 1542 2152 ΙΙ

171 2160 241 2193 383
268 2156 435 2192 decussit
459 2159 490 2191 A
532 2158 544 2202 ΙΙ
588 2159 658 2192 884
683 2156 823 2203 aspicit
847 2161 876 2192 Β
919 2159 932 2203 ss
976 2160 1044 2193 387
1078 2167 1148 2193 nec
1177 2156 1247 2193 illa
1278 2167 1397 2192 uenus
1429 2155 1488 2192 est
1511 2157 1541 2189 Β

173 2217 265 2243 corr.
282 2205 471 2241 Baehrens
489 2204 599 2250 (haec
619 2204 688 2241 illa
703 2204 831 2241 Venus
842 2205 1046 2252 Kiefsliny)
1064 2205 1252 2251 malisque
1271 2203 1395 2240 minus
1410 2204 1468 2240 est
1480 2204 1510 2237 A
1529 2201 1543 2250 Η

171 2257 242 2289 388
269 2255 307 2289 et
338 2252 482 2299 pariter
506 2256 535 2288 Ε
566 2265 657 2290 corr.
687 2253 741 2288 M.
765 2253 923 2298 Mziller,
956 2255 995 2289 et
1025 2255 1138 2300 partu
1164 2256 1194 2288 A
1222 2252 1226 2301 Ι
1255 2252 1378 2299 (labor
1401 2251 1542 2287 Mater-

171 2313 244 2348 que
264 2302 307 2338 ei.
331 2301 419 2347 Leo)
439 2304 451 2348 a
471 2304 542 2337 390
560 2301 627 2337 del.
649 2301 878 2344 Habrucker,
902 2306 986 2338 ante
1005 2312 1035 2337 v.
1058 2304 1128 2336 888
1142 2302 1271 2348 posuit
1291 2300 1349 2337 M.
1369 2298 1513 2336 Maner-
1532 2298 1540 2346 Ι

172 2361 216 2386 ex
237 2350 310 2386 isto
330 2349 423 2385 mihi
444 2349 600 2396 Bentley
619 2351 631 2396 n
651 2352 720 2385 332
745 2349 872 2385 nullus
892 2362 929 2386 ω
952 2360 1043 2386 corr.
1065 2349 1114 2386 D.
1130 2349 1312 2386 Heinsius
1326 2348 1394 2395 (N.
1408 2347 1540 2384 Heius.
