1618 2554
160 113 251 157 274
593 108 633 144 1..
654 106 845 162 ANNAEI
870 103 1092 143 SENECAE

158 210 382 256 mortifera
412 209 606 252 vinctum
636 205 799 263 perfide
829 203 963 248 tradit
990 204 1088 249 neci

157 270 311 316 induta
341 269 491 313 vestis.
523 267 687 311 exitum
717 265 916 310 manibus
946 266 1110 323 negant

161 332 375 389 caputque
405 328 493 373 laxi
523 330 568 371 et
598 326 704 370 invii
735 324 943 371 claudunt
974 325 1106 368 sinus.

157 390 308 434 haurit
338 388 540 433 trementi
570 386 745 431 semivir
774 386 924 430 dextra
953 385 1088 442 latus,
1456 393 1528 428 890

158 466 238 495 uec
268 451 441 509 penitus
473 448 579 517 egit:
610 448 787 491 vulnere
818 446 864 490 in
894 445 1038 490 medio
1070 447 1230 502 stupet.

103 546 109 552 .
162 517 206 557 at
237 511 328 566 ille,
359 512 409 554 ut
438 509 538 553 altre
568 506 766 565 hispidus
798 505 921 550 silvis
951 519 1056 563 aper

160 586 258 617 eum
291 585 408 614 casse
438 570 607 613 vinetus
637 570 824 624 temptat
852 580 1050 626 egressus
1079 568 1228 610 tamen

157 634 355 687 artatque
386 632 508 673 motu
539 627 682 672 vinela
712 631 755 672 et
785 628 832 671 in
862 641 1032 672 cassum
1062 626 1189 688 furit,

163 691 286 748 eupit
315 691 496 733 fluentes
527 688 717 746 undique
749 690 794 731 et
824 701 973 732 caecos
1005 687 1126 731 sinus
1177 696 1179 698 “
1458 696 1528 730 898

158 750 359 796 dissicere
391 753 434 793 et
465 750 634 793 hostem
666 748 836 806 quaerit
866 747 1105 805 implicitus
1137 761 1277 792 suum.

159 814 299 855 armat
329 810 506 867 bipenni
530 809 741 867 Tyndaris
773 808 968 853 dextram
999 808 1167 864 furens,

160 872 385 928 qualisque
417 869 470 914 ad
501 885 596 913 aras
627 868 741 914 oolla
771 871 996 913 taurorum
1026 883 1144 926 popa

161 931 359 989 designat
389 930 528 975 oeulis
559 932 791 987 antequam
821 930 937 974 ferro
969 931 1107 986 petat,

162 991 225 1035 sie
254 990 341 1036 huc
371 993 415 1034 et
446 991 551 1034 illue
581 991 761 1047 impiam
790 989 923 1034 librat
954 1003 1143 1033 manum.
1458 999 1529 1034 900

158 1050 308 1109 habet,
339 1054 560 1108 peractum
593 1054 668 1095 est.
729 1050 891 1108 pendet
920 1051 1080 1109 exigua.
1108 1049 1223 1094 male

158 1114 290 1169 caput
319 1113 591 1169 amputatum
622 1113 746 1168 parte
778 1113 822 1155 et
851 1110 956 1154 hino
986 1112 1143 1156 trunco
1176 1124 1305 1156 eruor

158 1172 367 1227 exundat,
398 1170 489 1216 illie
521 1186 596 1215 ora
626 1186 725 1215 eum
755 1171 934 1215 fremitu
965 1170 1118 1215 iacent.

156 1232 348 1275 nondum
379 1233 601 1276 recedunt:
633 1232 707 1276 ille
738 1231 826 1275 iam
857 1231 1100 1275 exanimem
1131 1231 1243 1290 petit

156 1290 402 1350 laceratque
433 1306 608 1349 eorpus,
638 1291 715 1336 illa
745 1291 984 1336 fodientem
1013 1290 1202 1336 adiuvat.
1459 1301 1529 1335 905

157 1354 339 1410 uterque
369 1354 491 1396 tanto
523 1353 683 1397 scelere
712 1351 948 1409 respondet
979 1352 1088 1396 suis·

154 1414 222 1456 est
249 1411 322 1457 hie
346 1411 533 1470 Thyeste
570 1415 746 1471 gnatus,
776 1413 883 1456 haee
913 1411 1106 1457 Helenae
1137 1426 1273 1456 soror.

156 1474 245 1517 stat
274 1486 371 1517 ecee
396 1470 526 1516 Titan
556 1473 713 1516 dubius
745 1473 924 1517 emerito
958 1472 1046 1530 die,

156 1546 291 1579 suane
321 1535 466 1577 currat
496 1547 552 1576 an
575 1532 791 1590 Thyestea
814 1534 896 1577 via.

710 1651 984 1697 ELECTRA

247 1722 381 1782 Fuge,
412 1739 437 1767 ο
468 1727 673 1781 paternae
703 1726 857 1769 mortis
888 1726 1100 1770 auxilium
1133 1726 1331 1784 unicum,
1450 1737 1521 1771 910

151 1783 259 1843 fuge
289 1786 334 1827 et
365 1785 565 1828 scelestas
596 1785 789 1829 hostium
822 1786 915 1830 vita
942 1801 1109 1830 manus
1246 1796 1256 1804 ‘

156 1858 305 1889 eversa
335 1844 488 1888 domus
520 1847 585 1889 est
615 1845 832 1902 funditus,
862 1861 998 1904 regna
1029 1847 1246 1891 occidunt.

154 1902 315 1960 hospes
348 1904 444 1961 quis
476 1906 557 1949 iste
589 1906 782 1950 concitos
814 1920 965 1950 currus
996 1907 1118 1965 agit?

250 2001 319 2033 887
346 1998 488 2046 perfide
511 1997 575 2046 (de
599 2011 644 2036 ex
670 1999 749 2046 det)
773 1999 822 2036 13¹
873 2000 1013 2038 erfidae
1039 2013 1069 2038 α
1091 2003 1097 2049 1
1119 2000 1248 2039 tradet
1272 2003 1342 2050 ΔΙΙ
1368 2005 1438 2038 888
1464 2012 1530 2039 ne-

154 2045 224 2093 gat
247 2057 286 2083 ω
316 2056 408 2083 corr.
438 2047 587 2085 Gnmov
628 2049 642 2094 11
685 2051 755 2083 889
779 2047 819 2084 in
908 2053 938 2084 3
1037 2052 1103 2085 891
1246 2053 1277 2087 Δ
1306 2003 1433 2098 adigit
1463 2051 1532 2098 a}

154 2096 224 2129 898
244 2093 367 2150 prius
369 2104 406 2130 ω
426 2106 517 2132 corr.
532 2095 689 2152 Bentley
707 2097 759 2133 ad
777 2096 869 2133 Luc.
884 2097 912 2133 Ι
927 2098 1032 2145 61211
1050 2050 1251 2135 maffia
1266 2101 1335 2135 ΕΔ
1354 2109 1447 2137 corr.
1460 2106 1498 2143 ψ
1518 2100 1532 2146 ΙΙ

154 2144 226 2178 904
257 2141 430 2191 exanime
454 2147 484 2179 E
515 2143 688 2180 exanime
719 2143 873 2192 impetit
898 2145 948 2181 N.
965 2098 1209 2193 figlinsiusp
1212 2150 1313 2184 ,119
1331 2148 1345 2196 η
1363 2150 1433 2183 907
1466 2146 1530 2184 hie

152 2191 212 2227 est
235 2193 267 2226 A
288 2191 294 2237 Ι
316 2201 422 2228 soror
444 2191 493 2227 13²
517 2191 622 2228 furor
645 2191 736 2240 13¹1!
766 2196 837 2229 908
864 2203 1015 2230 emenso
1041 2193 1106 2230 die
1131 2194 1290 2243 Bentley
1318 2196 1333 2243 fl
1362 2198 1435 2232 909
1459 2205 1530 2232 sua

152 2248 223 2275 noc
248 2240 375 2275 currat
399 2243 428 2275 B
471 2241 484 2286 ΙΙ
525 2251 678 2278 scaenae
705 2241 856 2278 titulus:
886 2254 1048 2278 umerus
1076 2255 1240 2280 rvomus.
1286 2254 1530 2293 onsQrA-

154 2299 256 2323 cri-vs
282 2290 311 2322 E
342 2288 348 2334 Ι
386 2290 447 2323 911
471 2287 595 2336 fugito
621 2287 708 2325 scel.
728 2288 765 2325 h.
786 2289 888 2326 evita
911 2301 960 2326 m
980 2293 1012 2326 Δ
1041 2291 1055 2336 ΙΙ
1092 2294 1158 2326 913
1184 2285 1360 2329 concitus
1379 2296 1409 2328 Β
1434 2303 1528 2330 corr.

152 2335 306 2420 gi‘rtumswg
328 2289 528 2420 „lqff'ffl”
554 2336 665 2375 Nolte
690 2329 804 2375 ZOG.
826 2338 871 2374 31
892 2349 933 2385 p.
954 2339 1019 2384 89)
1052 2339 1136 2384 quis
1169 2339 1242 2377 iste
1274 2339 1415 2377 celeres
1440 2351 1530 2377 eon·
