<?xml version="1.0" encoding="UTF-8"?>
<!DOCTYPE html PUBLIC "-//W3C//DTD XHTML 1.0 Transitional//EN"
    "http://www.w3.org/TR/xhtml1/DTD/xhtml1-transitional.dtd">
<html xmlns="http://www.w3.org/1999/xhtml" xml:lang="en" lang="en">
 <head>
  <title>
</title>
<meta http-equiv="Content-Type" content="text/html;charset=utf-8" />
  <meta name='ocr-system' content='tesseract 3.04.00' />
  <meta name='ocr-capabilities' content='ocr_page ocr_carea ocr_par ocr_line ocrx_word'/>
</head>
<body>
  <div class='ocr_page' id='page_1' title='image "./tragoediaerecens00seneuoft_0410.png"; bbox 0 0 1618 2554; ppageno 0'>
   <div class='ocr_carea' id='block_1_1' title="bbox 154 113 1092 164">
    <p class='ocr_par' dir='ltr' id='par_1_1' title="bbox 154 113 1092 164">
     <span class='ocr_line' id='line_1_1' title="bbox 154 113 1092 164; baseline -0.016 0"><span class='ocrx_word' id='word_1_1' title='bbox 154 120 244 164; x_wconf 84' lang='grc'>364</span> <span class='ocrx_word' id='word_1_2' title='bbox 283 147 290 152; x_wconf 87' lang='grc'><strong>-</strong></span> <span class='ocrx_word' id='word_1_3' title='bbox 594 118 634 154; x_wconf 84' lang='lat' dir='ltr'>L.</span> <span class='ocrx_word' id='word_1_4' title='bbox 654 116 846 153; x_wconf 77' lang='lat' dir='ltr'>ANNAEI</span> <span class='ocrx_word' id='word_1_5' title='bbox 870 113 1092 152; x_wconf 82' lang='lat' dir='ltr'>SENECAE</span> 
     </span>
    </p>
   </div>
   <div class='ocr_carea' id='block_1_2' title="bbox 113 215 1536 996">
    <p class='ocr_par' dir='ltr' id='par_1_2' title="bbox 155 215 1080 273">
     <span class='ocr_line' id='line_1_2' title="bbox 155 215 1080 273; baseline -0.008 -11"><span class='ocrx_word' id='word_1_6' title='bbox 155 219 341 263; x_wconf 78' lang='lat' dir='ltr'>vallatus</span> <span class='ocrx_word' id='word_1_7' title='bbox 372 218 554 273; x_wconf 83' lang='lat' dir='ltr'><strong>hydram</strong></span> <span class='ocrx_word' id='word_1_8' title='bbox 586 217 686 261; x_wconf 77' lang='lat' dir='ltr'>tabe</span> <span class='ocrx_word' id='word_1_9' title='bbox 717 215 932 271; x_wconf 79' lang='lat' dir='ltr'><strong>pavissem</strong></span> <span class='ocrx_word' id='word_1_10' title='bbox 965 227 1080 268; x_wconf 83' lang='lat' dir='ltr'>mea,</span> 
     </span>
    </p>

    <p class='ocr_par' dir='ltr' id='par_1_3' title="bbox 156 273 1531 382">
     <span class='ocr_line' id='line_1_3' title="bbox 156 273 1531 334; baseline -0.005 -11"><span class='ocrx_word' id='word_1_11' title='bbox 156 279 324 323; x_wconf 85' lang='lat' dir='ltr'>utinam</span> <span class='ocrx_word' id='word_1_12' title='bbox 354 278 532 321; x_wconf 82' lang='lat' dir='ltr'>fuissem</span> <span class='ocrx_word' id='word_1_13' title='bbox 564 277 722 334; x_wconf 88' lang='lat' dir='ltr'>praeda</span> <span class='ocrx_word' id='word_1_14' title='bbox 755 273 980 318; x_wconf 83' lang='lat' dir='ltr'>Centauris</span> <span class='ocrx_word' id='word_1_15' title='bbox 1013 274 1139 316; x_wconf 78' lang='lat' dir='ltr'>datus</span> <span class='ocrx_word' id='word_1_16' title='bbox 1437 283 1531 317; x_wconf 76' lang='grc'><strong>1106</strong></span> 
     </span>
     <span class='ocr_line' id='line_1_4' title="bbox 157 334 1155 382; baseline -0.007 1"><span class='ocrx_word' id='word_1_17' title='bbox 157 342 233 382; x_wconf 84' lang='lat' dir='ltr'>aut</span> <span class='ocrx_word' id='word_1_18' title='bbox 263 339 377 382; x_wconf 85' lang='lat' dir='ltr'>inter</span> <span class='ocrx_word' id='word_1_19' title='bbox 407 338 580 381; x_wconf 83' lang='lat' dir='ltr'>umbras</span> <span class='ocrx_word' id='word_1_20' title='bbox 613 337 785 380; x_wconf 83' lang='lat' dir='ltr'>vinctus</span> <span class='ocrx_word' id='word_1_21' title='bbox 816 337 990 378; x_wconf 79' lang='lat' dir='ltr'>aeterno</span> <span class='ocrx_word' id='word_1_22' title='bbox 1023 334 1155 376; x_wconf 90' lang='lat' dir='ltr'>miser</span> 
     </span>
    </p>

    <p class='ocr_par' dir='ltr' id='par_1_4' title="bbox 158 394 1159 454">
     <span class='ocr_line' id='line_1_5' title="bbox 158 394 1159 454; baseline -0.006 -12"><span class='ocrx_word' id='word_1_23' title='bbox 158 413 261 442; x_wconf 86' lang='lat' dir='ltr'>saxo</span> <span class='ocrx_word' id='word_1_24' title='bbox 295 399 502 442; x_wconf 78' lang='lat' dir='ltr'>sederem!</span> <span class='ocrx_word' id='word_1_25' title='bbox 541 397 681 454; x_wconf 87' lang='lat' dir='ltr'>spolia</span> <span class='ocrx_word' id='word_1_26' title='bbox 711 409 828 439; x_wconf 88' lang='lat' dir='ltr'>nunc</span> <span class='ocrx_word' id='word_1_27' title='bbox 857 395 971 438; x_wconf 86' lang='lat' dir='ltr'>traxi</span> <span class='ocrx_word' id='word_1_28' title='bbox 985 394 1159 437; x_wconf 66' lang='lat' dir='ltr'>“ultima</span> 
     </span>
    </p>

    <p class='ocr_par' dir='ltr' id='par_1_5' title="bbox 113 453 1120 515">
     <span class='ocr_line' id='line_1_6' title="bbox 113 453 1120 515; baseline -0.006 -12"><span class='ocrx_word' id='word_1_29' title='bbox 113 504 119 511; x_wconf 67' lang='grc'>,</span> <span class='ocrx_word' id='word_1_30' title='bbox 157 458 267 503; x_wconf 73' lang='lat' dir='ltr'>Fato</span> <span class='ocrx_word' id='word_1_31' title='bbox 300 461 519 515; x_wconf 87' lang='lat' dir='ltr'>stupente,</span> <span class='ocrx_word' id='word_1_32' title='bbox 550 469 666 500; x_wconf 82' lang='lat' dir='ltr'>nunc</span> <span class='ocrx_word' id='word_1_33' title='bbox 697 457 751 499; x_wconf 87' lang='lat' dir='ltr'>ab</span> <span class='ocrx_word' id='word_1_34' title='bbox 783 455 952 499; x_wconf 78' lang='lat' dir='ltr'>inferna</span> <span class='ocrx_word' id='word_1_35' title='bbox 985 453 1120 512; x_wconf 82' lang='lat' dir='ltr'>Styge</span> 
     </span>
    </p>

    <p class='ocr_par' dir='ltr' id='par_1_6' title="bbox 157 517 1039 576">
     <span class='ocr_line' id='line_1_7' title="bbox 157 517 1039 576; baseline -0.006 -13"><span class='ocrx_word' id='word_1_36' title='bbox 157 520 300 563; x_wconf 90' lang='lat' dir='ltr'>lucem</span> <span class='ocrx_word' id='word_1_37' title='bbox 332 519 494 576; x_wconf 86' lang='lat' dir='ltr'>recepi,</span> <span class='ocrx_word' id='word_1_38' title='bbox 524 517 640 561; x_wconf 82' lang='lat' dir='ltr'>Ditis</span> <span class='ocrx_word' id='word_1_39' title='bbox 672 517 783 560; x_wconf 85' lang='lat' dir='ltr'>evici</span> <span class='ocrx_word' id='word_1_40' title='bbox 812 530 955 559; x_wconf 80' lang='lat' dir='ltr'>moras</span> <span class='ocrx_word' id='word_1_41' title='bbox 983 541 1039 546; x_wconf 81' lang='lat'>-—</span> 
     </span>
    </p>

    <p class='ocr_par' dir='ltr' id='par_1_7' title="bbox 158 575 1534 695">
     <span class='ocr_line' id='line_1_8' title="bbox 158 575 1534 636; baseline -0.004 -13"><span class='ocrx_word' id='word_1_42' title='bbox 158 579 320 636; x_wconf 81' lang='lat' dir='ltr'>ubique</span> <span class='ocrx_word' id='word_1_43' title='bbox 350 594 466 623; x_wconf 86' lang='lat' dir='ltr'>mors</span> <span class='ocrx_word' id='word_1_44' title='bbox 499 594 567 622; x_wconf 89' lang='lat' dir='ltr'>me</span> <span class='ocrx_word' id='word_1_45' title='bbox 598 578 733 635; x_wconf 81' lang='lat' dir='ltr'>fugit,</span> <span class='ocrx_word' id='word_1_46' title='bbox 762 579 813 621; x_wconf 80' lang='lat' dir='ltr'>ut</span> <span class='ocrx_word' id='word_1_47' title='bbox 841 578 929 620; x_wconf 81' lang='lat' dir='ltr'>leto</span> <span class='ocrx_word' id='word_1_48' title='bbox 962 575 1139 619; x_wconf 82' lang='lat' dir='ltr'>inclitae</span> <span class='ocrx_word' id='word_1_49' title='bbox 1441 585 1534 619; x_wconf 86' lang='grc'><strong>1200</strong></span> 
     </span>
     <span class='ocr_line' id='line_1_9' title="bbox 162 637 1386 695; baseline -0.006 -11"><span class='ocrx_word' id='word_1_50' title='bbox 162 641 292 684; x_wconf 85' lang='lat' dir='ltr'>sortis</span> <span class='ocrx_word' id='word_1_51' title='bbox 324 653 524 683; x_wconf 78' lang='lat' dir='ltr'>carerem.</span> <span class='ocrx_word' id='word_1_52' title='bbox 586 653 664 695; x_wconf 85' lang='lat' dir='ltr'>pro</span> <span class='ocrx_word' id='word_1_53' title='bbox 696 639 831 693; x_wconf 81' lang='lat' dir='ltr'>ferae,</span> <span class='ocrx_word' id='word_1_54' title='bbox 861 638 1001 680; x_wconf 79' lang='lat' dir='ltr'>victae</span> <span class='ocrx_word' id='word_1_55' title='bbox 1032 637 1166 679; x_wconf 80' lang='lat' dir='ltr'>ferae!</span> <span class='ocrx_word' id='word_1_56' title='bbox 1380 638 1386 643; x_wconf 86' lang='lat'>&#39;</span> 
     </span>
    </p>

    <p class='ocr_par' dir='ltr' id='par_1_8' title="bbox 160 697 1131 754">
     <span class='ocr_line' id='line_1_10' title="bbox 160 697 1131 754; baseline -0.005 -10"><span class='ocrx_word' id='word_1_57' title='bbox 160 715 251 743; x_wconf 91' lang='lat' dir='ltr'>non</span> <span class='ocrx_word' id='word_1_58' title='bbox 280 715 351 743; x_wconf 93' lang='lat' dir='ltr'>me</span> <span class='ocrx_word' id='word_1_59' title='bbox 382 700 592 743; x_wconf 74' lang='lat' dir='ltr'>triformis</span> <span class='ocrx_word' id='word_1_60' title='bbox 625 700 715 742; x_wconf 84' lang='lat' dir='ltr'>sole</span> <span class='ocrx_word' id='word_1_61' title='bbox 747 700 978 754; x_wconf 82' lang='lat' dir='ltr'>conspecto</span> <span class='ocrx_word' id='word_1_62' title='bbox 1013 697 1131 740; x_wconf 84' lang='lat' dir='ltr'>canis</span> 
     </span>
    </p>

    <p class='ocr_par' dir='ltr' id='par_1_9' title="bbox 159 757 1216 817">
     <span class='ocr_line' id='line_1_11' title="bbox 159 757 1216 817; baseline -0.005 -13"><span class='ocrx_word' id='word_1_63' title='bbox 159 760 214 804; x_wconf 84' lang='lat' dir='ltr'>ad</span> <span class='ocrx_word' id='word_1_64' title='bbox 247 759 385 817; x_wconf 80' lang='lat' dir='ltr'>Styga</span> <span class='ocrx_word' id='word_1_65' title='bbox 415 760 606 816; x_wconf 82' lang='lat' dir='ltr'>reduxit,</span> <span class='ocrx_word' id='word_1_66' title='bbox 636 773 725 802; x_wconf 83' lang='lat' dir='ltr'>non</span> <span class='ocrx_word' id='word_1_67' title='bbox 756 758 835 802; x_wconf 90' lang='lat' dir='ltr'>sub</span> <span class='ocrx_word' id='word_1_68' title='bbox 868 757 1080 815; x_wconf 84' lang='lat' dir='ltr'>Hesperio</span> <span class='ocrx_word' id='word_1_69' title='bbox 1113 757 1216 813; x_wconf 89' lang='lat' dir='ltr'>polo</span> 
     </span>
    </p>

    <p class='ocr_par' dir='ltr' id='par_1_10' title="bbox 161 819 968 876">
     <span class='ocr_line' id='line_1_12' title="bbox 161 819 968 876; baseline -0.004 -12"><span class='ocrx_word' id='word_1_70' title='bbox 161 820 325 864; x_wconf 81' lang='lat' dir='ltr'>Hibera</span> <span class='ocrx_word' id='word_1_71' title='bbox 355 820 461 863; x_wconf 85' lang='lat' dir='ltr'>vicit</span> <span class='ocrx_word' id='word_1_72' title='bbox 491 820 620 864; x_wconf 86' lang='lat' dir='ltr'>turba</span> <span class='ocrx_word' id='word_1_73' title='bbox 651 819 836 876; x_wconf 86' lang='lat' dir='ltr'>pastoris</span> <span class='ocrx_word' id='word_1_74' title='bbox 868 819 968 874; x_wconf 85' lang='lat' dir='ltr'>feri,</span> 
     </span>
    </p>

    <p class='ocr_par' dir='ltr' id='par_1_11' title="bbox 160 877 1536 996">
     <span class='ocr_line' id='line_1_13' title="bbox 160 877 1536 938; baseline -0.004 -13"><span class='ocrx_word' id='word_1_75' title='bbox 160 895 250 924; x_wconf 89' lang='lat' dir='ltr'>non</span> <span class='ocrx_word' id='word_1_76' title='bbox 280 881 453 938; x_wconf 81' lang='lat' dir='ltr'>gemina</span> <span class='ocrx_word' id='word_1_77' title='bbox 483 894 669 937; x_wconf 85' lang='lat' dir='ltr'>serpens.</span> <span class='ocrx_word' id='word_1_78' title='bbox 731 879 899 935; x_wconf 88' lang='lat' dir='ltr'>perdidi</span> <span class='ocrx_word' id='word_1_79' title='bbox 930 881 1136 934; x_wconf 85' lang='lat' dir='ltr'>mortem,</span> <span class='ocrx_word' id='word_1_80' title='bbox 1168 877 1207 921; x_wconf 90' lang='lat' dir='ltr'>ei</span> <span class='ocrx_word' id='word_1_81' title='bbox 1239 877 1367 934; x_wconf 85' lang='lat' dir='ltr'>mihi,</span> <span class='ocrx_word' id='word_1_82' title='bbox 1424 886 1536 921; x_wconf 77' lang='grc'><strong>1205</strong></span> 
     </span>
     <span class='ocr_line' id='line_1_14' title="bbox 160 938 1291 996; baseline -0.004 -11"><span class='ocrx_word' id='word_1_83' title='bbox 160 942 323 985; x_wconf 86' lang='lat' dir='ltr'>totiens</span> <span class='ocrx_word' id='word_1_84' title='bbox 353 940 599 984; x_wconf 82' lang='lat' dir='ltr'>honestam:</span> <span class='ocrx_word' id='word_1_85' title='bbox 629 940 784 985; x_wconf 74' lang='lat' dir='ltr'>titulus</span> <span class='ocrx_word' id='word_1_86' title='bbox 817 943 1035 983; x_wconf 82' lang='lat' dir='ltr'>extremus</span> <span class='ocrx_word' id='word_1_87' title='bbox 1068 939 1164 996; x_wconf 84' lang='lat' dir='ltr'>quis</span> <span class='ocrx_word' id='word_1_88' title='bbox 1196 938 1291 982; x_wconf 84' lang='lat' dir='ltr'>est‘?</span> 
     </span>
    </p>
   </div>
   <div class='ocr_carea' id='block_1_3' title="bbox 379 1071 1538 1732">
    <p class='ocr_par' dir='ltr' id='par_1_12' title="bbox 380 1071 1321 1117">
     <span class='ocr_line' id='line_1_15' title="bbox 380 1071 1321 1117; baseline -0.002 -1"><span class='ocrx_word' id='word_1_89' title='bbox 380 1084 517 1117; x_wconf 68' lang='lat' dir='ltr'>cnon..</span> <span class='ocrx_word' id='word_1_90' title='bbox 549 1071 692 1116; x_wconf 85' lang='lat' dir='ltr'>Viden</span> <span class='ocrx_word' id='word_1_91' title='bbox 723 1075 773 1115; x_wconf 89' lang='lat' dir='ltr'>ut</span> <span class='ocrx_word' id='word_1_92' title='bbox 803 1072 943 1115; x_wconf 84' lang='lat' dir='ltr'>laudis</span> <span class='ocrx_word' id='word_1_93' title='bbox 976 1072 1150 1115; x_wconf 87' lang='lat' dir='ltr'>conscia</span> <span class='ocrx_word' id='word_1_94' title='bbox 1182 1071 1321 1114; x_wconf 82' lang='lat' dir='ltr'>virtus</span> 
     </span>
    </p>

    <p class='ocr_par' dir='ltr' id='par_1_13' title="bbox 379 1132 1130 1176">
     <span class='ocr_line' id='line_1_16' title="bbox 379 1132 1130 1176; baseline -0.001 0"><span class='ocrx_word' id='word_1_95' title='bbox 379 1148 468 1176; x_wconf 92' lang='lat' dir='ltr'>non</span> <span class='ocrx_word' id='word_1_96' title='bbox 499 1132 713 1176; x_wconf 86' lang='lat' dir='ltr'>Lethaeos</span> <span class='ocrx_word' id='word_1_97' title='bbox 745 1132 920 1175; x_wconf 87' lang='lat' dir='ltr'>horreat</span> <span class='ocrx_word' id='word_1_98' title='bbox 951 1133 1130 1176; x_wconf 74' lang='lat' dir='ltr'>amnes?</span> 
     </span>
    </p>

    <p class='ocr_par' dir='ltr' id='par_1_14' title="bbox 380 1193 1214 1250">
     <span class='ocr_line' id='line_1_17' title="bbox 380 1193 1214 1250; baseline -0.001 -14"><span class='ocrx_word' id='word_1_99' title='bbox 380 1194 516 1250; x_wconf 87' lang='lat' dir='ltr'>pudet</span> <span class='ocrx_word' id='word_1_100' title='bbox 546 1194 756 1249; x_wconf 75' lang='lat' dir='ltr'>auctoris,</span> <span class='ocrx_word' id='word_1_101' title='bbox 786 1207 875 1236; x_wconf 87' lang='lat' dir='ltr'>non</span> <span class='ocrx_word' id='word_1_102' title='bbox 906 1195 1048 1236; x_wconf 83' lang='lat' dir='ltr'>morte</span> <span class='ocrx_word' id='word_1_103' title='bbox 1078 1193 1214 1235; x_wconf 88' lang='lat' dir='ltr'>dolet:</span> 
     </span>
    </p>

    <p class='ocr_par' dir='ltr' id='par_1_15' title="bbox 379 1253 1538 1371">
     <span class='ocr_line' id='line_1_18' title="bbox 382 1253 1538 1310; baseline -0.002 -14"><span class='ocrx_word' id='word_1_104' title='bbox 382 1254 503 1310; x_wconf 84' lang='lat' dir='ltr'>cupit</span> <span class='ocrx_word' id='word_1_105' title='bbox 533 1257 774 1297; x_wconf 85' lang='lat' dir='ltr'>extremum</span> <span class='ocrx_word' id='word_1_106' title='bbox 806 1254 930 1296; x_wconf 84' lang='lat' dir='ltr'>finire</span> <span class='ocrx_word' id='word_1_107' title='bbox 963 1253 1076 1297; x_wconf 86' lang='lat' dir='ltr'>diem</span> <span class='ocrx_word' id='word_1_108' title='bbox 1443 1261 1538 1295; x_wconf 91' lang='grc'><strong>1210</strong></span> 
     </span>
     <span class='ocr_line' id='line_1_19' title="bbox 379 1314 1057 1371; baseline -0.001 -14"><span class='ocrx_word' id='word_1_109' title='bbox 379 1317 503 1357; x_wconf 83' lang='lat' dir='ltr'>vasta</span> <span class='ocrx_word' id='word_1_110' title='bbox 533 1314 689 1357; x_wconf 86' lang='lat' dir='ltr'>tumidi</span> <span class='ocrx_word' id='word_1_111' title='bbox 721 1315 835 1357; x_wconf 88' lang='lat' dir='ltr'>mole</span> <span class='ocrx_word' id='word_1_112' title='bbox 867 1314 1057 1371; x_wconf 85' lang='lat' dir='ltr'>gigantis</span> 
     </span>
    </p>

    <p class='ocr_par' dir='ltr' id='par_1_16' title="bbox 381 1373 1047 1430">
     <span class='ocr_line' id='line_1_20' title="bbox 381 1373 1047 1430; baseline 0 -13"><span class='ocrx_word' id='word_1_113' title='bbox 381 1378 424 1418; x_wconf 89' lang='lat' dir='ltr'>et</span> <span class='ocrx_word' id='word_1_114' title='bbox 455 1375 734 1418; x_wconf 69' lang='lat' dir='ltr'>montiferum</span> <span class='ocrx_word' id='word_1_115' title='bbox 768 1373 924 1418; x_wconf 78' lang='lat' dir='ltr'>Titana</span> <span class='ocrx_word' id='word_1_116' title='bbox 954 1375 1047 1430; x_wconf 81' lang='lat' dir='ltr'>pati</span> 
     </span>
    </p>

    <p class='ocr_par' dir='ltr' id='par_1_17' title="bbox 379 1434 1166 1490">
     <span class='ocr_line' id='line_1_21' title="bbox 379 1434 1166 1490; baseline -0.001 -13"><span class='ocrx_word' id='word_1_117' title='bbox 379 1434 639 1490; x_wconf 79' lang='lat' dir='ltr'>rabidaeque</span> <span class='ocrx_word' id='word_1_118' title='bbox 669 1449 819 1478; x_wconf 83' lang='lat' dir='ltr'>necem</span> <span class='ocrx_word' id='word_1_119' title='bbox 852 1435 1006 1478; x_wconf 87' lang='lat' dir='ltr'>debere</span> <span class='ocrx_word' id='word_1_120' title='bbox 1037 1434 1166 1477; x_wconf 82' lang='lat' dir='ltr'>ferae.</span> 
     </span>
    </p>

    <p class='ocr_par' dir='ltr' id='par_1_18' title="bbox 382 1495 1325 1551">
     <span class='ocr_line' id='line_1_22' title="bbox 382 1495 1325 1551; baseline -0.002 -13"><span class='ocrx_word' id='word_1_121' title='bbox 382 1495 457 1538; x_wconf 84' lang='lat' dir='ltr'>sed</span> <span class='ocrx_word' id='word_1_122' title='bbox 486 1498 561 1538; x_wconf 87' lang='lat' dir='ltr'>tua</span> <span class='ocrx_word' id='word_1_123' title='bbox 593 1509 721 1539; x_wconf 83' lang='lat' dir='ltr'>causa</span> <span class='ocrx_word' id='word_1_124' title='bbox 753 1498 835 1551; x_wconf 81' lang='lat' dir='ltr'>est,</span> <span class='ocrx_word' id='word_1_125' title='bbox 866 1495 1127 1550; x_wconf 79' lang='lat' dir='ltr'>miserande,</span> <span class='ocrx_word' id='word_1_126' title='bbox 1158 1509 1325 1549; x_wconf 84' lang='lat' dir='ltr'>manus,</span> 
     </span>
    </p>

    <p class='ocr_par' dir='ltr' id='par_1_19' title="bbox 382 1555 1538 1673">
     <span class='ocr_line' id='line_1_23' title="bbox 383 1555 1538 1612; baseline -0.001 -15"><span class='ocrx_word' id='word_1_127' title='bbox 383 1555 499 1610; x_wconf 88' lang='lat' dir='ltr'>quod</span> <span class='ocrx_word' id='word_1_128' title='bbox 530 1556 650 1599; x_wconf 86' lang='lat' dir='ltr'>nulla</span> <span class='ocrx_word' id='word_1_129' title='bbox 680 1556 771 1599; x_wconf 78' lang='lat' dir='ltr'>fera</span> <span class='ocrx_word' id='word_1_130' title='bbox 803 1558 868 1599; x_wconf 86' lang='lat' dir='ltr'>est</span> <span class='ocrx_word' id='word_1_131' title='bbox 898 1555 1132 1611; x_wconf 86' lang='lat' dir='ltr'>nullusque</span> <span class='ocrx_word' id='word_1_132' title='bbox 1163 1555 1306 1612; x_wconf 81' lang='lat' dir='ltr'>gigas:</span> <span class='ocrx_word' id='word_1_133' title='bbox 1445 1563 1538 1599; x_wconf 83' lang='lat'>1215</span> 
     </span>
     <span class='ocr_line' id='line_1_24' title="bbox 382 1615 1223 1673; baseline 0 -15"><span class='ocrx_word' id='word_1_134' title='bbox 382 1630 484 1658; x_wconf 80' lang='lat' dir='ltr'>nam</span> <span class='ocrx_word' id='word_1_135' title='bbox 516 1617 613 1671; x_wconf 86' lang='lat' dir='ltr'>quis</span> <span class='ocrx_word' id='word_1_136' title='bbox 646 1616 802 1673; x_wconf 81' lang='lat' dir='ltr'>dignus</span> <span class='ocrx_word' id='word_1_137' title='bbox 834 1617 951 1659; x_wconf 88' lang='lat' dir='ltr'>necis</span> <span class='ocrx_word' id='word_1_138' title='bbox 983 1615 1223 1659; x_wconf 79' lang='lat' dir='ltr'>Herculeae</span> 
     </span>
    </p>

    <p class='ocr_par' dir='ltr' id='par_1_20' title="bbox 386 1676 1188 1732">
     <span class='ocr_line' id='line_1_25' title="bbox 386 1676 1188 1732; baseline 0.001 -14"><span class='ocrx_word' id='word_1_139' title='bbox 386 1678 581 1732; x_wconf 85' lang='lat' dir='ltr'>superest</span> <span class='ocrx_word' id='word_1_140' title='bbox 612 1679 764 1719; x_wconf 84' lang='lat' dir='ltr'>auctor</span> <span class='ocrx_word' id='word_1_141' title='bbox 794 1677 878 1719; x_wconf 87' lang='lat' dir='ltr'>nisi</span> <span class='ocrx_word' id='word_1_142' title='bbox 910 1677 1061 1720; x_wconf 77' lang='lat' dir='ltr'>dextra</span> <span class='ocrx_word' id='word_1_143' title='bbox 1092 1676 1188 1719; x_wconf 80' lang='lat' dir='ltr'>tui?</span> 
     </span>
    </p>
   </div>
   <div class='ocr_carea' id='block_1_4' title="bbox 166 1816 1558 2396">
    <p class='ocr_par' dir='ltr' id='par_1_21' title="bbox 166 1816 1558 2396">
     <span class='ocr_line' id='line_1_26' title="bbox 264 1816 1558 1865; baseline 0 -12"><span class='ocrx_word' id='word_1_144' title='bbox 264 1820 350 1853; x_wconf 78' lang='grc'><strong>1194</strong></span> <span class='ocrx_word' id='word_1_145' title='bbox 363 1817 481 1865; x_wconf 83' lang='lat' dir='ltr'>ydrae</span> <span class='ocrx_word' id='word_1_146' title='bbox 494 1818 583 1853; x_wconf 85' lang='lat' dir='ltr'>tabe</span> <span class='ocrx_word' id='word_1_147' title='bbox 597 1818 786 1864; x_wconf 84' lang='lat' dir='ltr'>patuisset</span> <span class='ocrx_word' id='word_1_148' title='bbox 794 1829 898 1855; x_wconf 86' lang='lat' dir='ltr'>meas</span> <span class='ocrx_word' id='word_1_149' title='bbox 912 1822 940 1854; x_wconf 82' lang='lat' dir='ltr'><strong>E</strong></span> <span class='ocrx_word' id='word_1_150' title='bbox 954 1818 1115 1864; x_wconf 75' lang='lat' dir='ltr'>hydram</span> <span class='ocrx_word' id='word_1_151' title='bbox 1130 1829 1242 1855; x_wconf 81' lang='lat' dir='ltr'>carne</span> <span class='ocrx_word' id='word_1_152' title='bbox 1255 1818 1300 1855; x_wconf 81' lang='lat' dir='ltr'>ci.</span> <span class='ocrx_word' id='word_1_153' title='bbox 1310 1816 1519 1854; x_wconf 72' lang='lat' dir='ltr'>Koetsclmu</span> <span class='ocrx_word' id='word_1_154' title='bbox 1529 1816 1558 1863; x_wconf 59' lang='grc' dir='ltr'>Ι</span> 
     </span>
     <span class='ocr_line' id='line_1_27' title="bbox 166 1865 1544 1913; baseline 0 -12"><span class='ocrx_word' id='word_1_155' title='bbox 166 1869 252 1902; x_wconf 79' lang='grc'><strong>1196</strong></span> <span class='ocrx_word' id='word_1_156' title='bbox 267 1866 390 1902; x_wconf 80' lang='lat' dir='ltr'>victus</span> <span class='ocrx_word' id='word_1_157' title='bbox 403 1869 471 1901; x_wconf 77' lang='lat' dir='ltr'>EA</span> <span class='ocrx_word' id='word_1_158' title='bbox 484 1877 574 1902; x_wconf 75' lang='lat' dir='ltr'>corr.</span> <span class='ocrx_word' id='word_1_159' title='bbox 590 1874 627 1910; x_wconf 87' lang='grc' dir='ltr'><em>ψ</em></span> <span class='ocrx_word' id='word_1_160' title='bbox 647 1868 659 1912; x_wconf 74' lang='lat' dir='ltr'>H</span> <span class='ocrx_word' id='word_1_161' title='bbox 677 1870 759 1902; x_wconf 78' lang='lat'>1197</span> <span class='ocrx_word' id='word_1_162' title='bbox 777 1879 863 1903; x_wconf 85' lang='grc'><strong>011111</strong></span> <span class='ocrx_word' id='word_1_163' title='bbox 874 1868 976 1903; x_wconf 80' lang='lat' dir='ltr'>traxi</span> <span class='ocrx_word' id='word_1_164' title='bbox 990 1879 1026 1903; x_wconf 88' lang='grc' dir='ltr'>ω</span> <span class='ocrx_word' id='word_1_165' title='bbox 1041 1878 1133 1904; x_wconf 82' lang='lat' dir='ltr'>corr.</span> <span class='ocrx_word' id='word_1_166' title='bbox 1148 1867 1225 1903; x_wconf 83' lang='lat' dir='ltr'>Leo</span> <span class='ocrx_word' id='word_1_167' title='bbox 1242 1867 1255 1913; x_wconf 79' lang='grc' dir='ltr'>ΙΙ</span> <span class='ocrx_word' id='word_1_168' title='bbox 1273 1869 1358 1903; x_wconf 77' lang='grc'><strong>1198</strong></span> <span class='ocrx_word' id='word_1_169' title='bbox 1372 1865 1475 1902; x_wconf 74' lang='lat' dir='ltr'>facto</span> <span class='ocrx_word' id='word_1_170' title='bbox 1488 1865 1544 1912; x_wconf 68' lang='grc' dir='ltr'>ΙΙΙ</span> 
     </span>
     <span class='ocr_line' id='line_1_28' title="bbox 167 1912 1543 1962; baseline -0.001 -12"><span class='ocrx_word' id='word_1_171' title='bbox 167 1917 254 1950; x_wconf 83' lang='grc'><strong>1199</strong></span> <span class='ocrx_word' id='word_1_172' title='bbox 290 1914 386 1950; x_wconf 86' lang='lat' dir='ltr'>lucis</span> <span class='ocrx_word' id='word_1_173' title='bbox 413 1914 494 1950; x_wconf 86' lang='lat' dir='ltr'>erui</span> <span class='ocrx_word' id='word_1_174' title='bbox 518 1924 642 1950; x_wconf 84' lang='lat' dir='ltr'>moras</span> <span class='ocrx_word' id='word_1_175' title='bbox 674 1919 702 1949; x_wconf 82' lang='lat' dir='ltr'>E</span> <span class='ocrx_word' id='word_1_176' title='bbox 741 1915 848 1961; x_wconf 85' lang='lat' dir='ltr'>erupi</span> <span class='ocrx_word' id='word_1_177' title='bbox 875 1916 924 1951; x_wconf 91' lang='lat' dir='ltr'>N.</span> <span class='ocrx_word' id='word_1_178' title='bbox 948 1915 1129 1952; x_wconf 76' lang='lat' dir='ltr'>Heinsius</span> <span class='ocrx_word' id='word_1_179' title='bbox 1149 1927 1188 1962; x_wconf 78' lang='lat' dir='ltr'>p.</span> <span class='ocrx_word' id='word_1_180' title='bbox 1209 1917 1283 1952; x_wconf 77' lang='lat'>454</span> <span class='ocrx_word' id='word_1_181' title='bbox 1320 1914 1360 1952; x_wconf 83' lang='lat' dir='ltr'>et</span> <span class='ocrx_word' id='word_1_182' title='bbox 1382 1913 1470 1961; x_wconf 83' lang='lat' dir='ltr'>rupi</span> <span class='ocrx_word' id='word_1_183' title='bbox 1494 1912 1543 1950; x_wconf 88' lang='lat' dir='ltr'>L.</span> 
     </span>
     <span class='ocr_line' id='line_1_29' title="bbox 169 1961 1544 2010; baseline -0.001 -11"><span class='ocrx_word' id='word_1_184' title='bbox 169 1962 312 2000; x_wconf 61' lang='lat' dir='ltr'>Mdller</span> <span class='ocrx_word' id='word_1_185' title='bbox 341 1964 354 2009; x_wconf 75' lang='grc' dir='ltr'>Η</span> <span class='ocrx_word' id='word_1_186' title='bbox 384 1966 475 1998; x_wconf 86' lang='grc'><strong>1200</strong></span> <span class='ocrx_word' id='word_1_187' title='bbox 500 1973 560 1998; x_wconf 87' lang='grc'><strong>1110</strong></span> <span class='ocrx_word' id='word_1_188' title='bbox 585 1974 685 1998; x_wconf 82' lang='lat' dir='ltr'>mors</span> <span class='ocrx_word' id='word_1_189' title='bbox 711 1965 742 1998; x_wconf 89' lang='lat' dir='ltr'>A</span> <span class='ocrx_word' id='word_1_190' title='bbox 762 1966 768 2009; x_wconf 63' lang='grc' dir='ltr'><strong><em>ι</em></strong></span> <span class='ocrx_word' id='word_1_191' title='bbox 790 1963 923 1999; x_wconf 85' lang='lat' dir='ltr'>inclito</span> <span class='ocrx_word' id='word_1_192' title='bbox 949 1967 979 1999; x_wconf 94' lang='lat' dir='ltr'>A</span> <span class='ocrx_word' id='word_1_193' title='bbox 1009 1965 1022 2010; x_wconf 78' lang='grc' dir='ltr'>ΙΙ</span> <span class='ocrx_word' id='word_1_194' title='bbox 1053 1966 1139 2001; x_wconf 83' lang='grc'><strong>1201</strong></span> <span class='ocrx_word' id='word_1_195' title='bbox 1163 1961 1298 2000; x_wconf 80' lang='lat' dir='ltr'>mortis</span> <span class='ocrx_word' id='word_1_196' title='bbox 1322 1966 1353 1998; x_wconf 68' lang='grc' dir='ltr'>Ι</span> <span class='ocrx_word' id='word_1_197' title='bbox 1377 1962 1488 1999; x_wconf 81' lang='lat' dir='ltr'>fortis</span> <span class='ocrx_word' id='word_1_198' title='bbox 1512 1964 1544 1997; x_wconf 98' lang='lat' dir='ltr'>A</span> 
     </span>
     <span class='ocr_line' id='line_1_30' title="bbox 168 2010 1544 2059; baseline -0.001 -11"><span class='ocrx_word' id='word_1_199' title='bbox 168 2021 259 2048; x_wconf 80' lang='lat' dir='ltr'>corr.</span> <span class='ocrx_word' id='word_1_200' title='bbox 287 2011 364 2048; x_wconf 85' lang='lat' dir='ltr'>Leo</span> <span class='ocrx_word' id='word_1_201' title='bbox 386 2013 392 2058; x_wconf 83' lang='lat' dir='ltr'>l</span> <span class='ocrx_word' id='word_1_202' title='bbox 414 2022 436 2047; x_wconf 92' lang='lat'>0</span> <span class='ocrx_word' id='word_1_203' title='bbox 461 2010 566 2047; x_wconf 83' lang='lat' dir='ltr'>ferae</span> <span class='ocrx_word' id='word_1_204' title='bbox 592 2023 628 2047; x_wconf 87' lang='grc' dir='ltr'>ω</span> <span class='ocrx_word' id='word_1_205' title='bbox 654 2023 746 2047; x_wconf 70' lang='lat' dir='ltr'>corr.</span> <span class='ocrx_word' id='word_1_206' title='bbox 773 2024 802 2047; x_wconf 87' lang='grc' dir='ltr'><strong><em>α</em></strong></span> <span class='ocrx_word' id='word_1_207' title='bbox 825 2015 830 2058; x_wconf 62' lang='grc' dir='ltr'>ι</span> <span class='ocrx_word' id='word_1_208' title='bbox 852 2013 878 2047; x_wconf 78' lang='lat' dir='ltr'>f.</span> <span class='ocrx_word' id='word_1_209' title='bbox 898 2024 930 2048; x_wconf 90' lang='lat' dir='ltr'>v.</span> <span class='ocrx_word' id='word_1_210' title='bbox 959 2023 980 2047; x_wconf 93' lang='lat' dir='ltr'>o</span> <span class='ocrx_word' id='word_1_211' title='bbox 1006 2012 1109 2048; x_wconf 79' lang='lat' dir='ltr'>ferae</span> <span class='ocrx_word' id='word_1_212' title='bbox 1135 2015 1166 2047; x_wconf 91' lang='lat' dir='ltr'>A</span> <span class='ocrx_word' id='word_1_213' title='bbox 1196 2013 1209 2059; x_wconf 73' lang='grc' dir='ltr'><strong>Π</strong></span> <span class='ocrx_word' id='word_1_214' title='bbox 1238 2014 1330 2048; x_wconf 87' lang='grc'><strong>1202</strong></span> <span class='ocrx_word' id='word_1_215' title='bbox 1354 2010 1430 2048; x_wconf 86' lang='lat' dir='ltr'>iole</span> <span class='ocrx_word' id='word_1_216' title='bbox 1456 2020 1544 2048; x_wconf 81' lang='lat' dir='ltr'>eon-</span> 
     </span>
     <span class='ocr_line' id='line_1_31' title="bbox 168 2058 1545 2106; baseline -0.001 -11"><span class='ocrx_word' id='word_1_217' title='bbox 168 2059 301 2106; x_wconf 83' lang='lat' dir='ltr'>spectu</span> <span class='ocrx_word' id='word_1_218' title='bbox 331 2063 361 2094; x_wconf 76' lang='lat' dir='ltr'><strong>E</strong></span> <span class='ocrx_word' id='word_1_219' title='bbox 398 2060 410 2106; x_wconf 78' lang='grc' dir='ltr'>ΙΙ</span> <span class='ocrx_word' id='word_1_220' title='bbox 446 2062 537 2095; x_wconf 82' lang='grc'><strong>1203</strong></span> <span class='ocrx_word' id='word_1_221' title='bbox 570 2069 593 2094; x_wconf 82' lang='lat' dir='ltr'>a</span> <span class='ocrx_word' id='word_1_222' title='bbox 619 2059 720 2106; x_wconf 79' lang='lat' dir='ltr'>stiga</span> <span class='ocrx_word' id='word_1_223' title='bbox 745 2063 774 2095; x_wconf 76' lang='lat' dir='ltr'>B</span> <span class='ocrx_word' id='word_1_224' title='bbox 809 2062 813 2106; x_wconf 83' lang='lat'>1</span> <span class='ocrx_word' id='word_1_225' title='bbox 846 2060 991 2096; x_wconf 75' lang='lat' dir='ltr'>revexit</span> <span class='ocrx_word' id='word_1_226' title='bbox 1015 2061 1104 2105; x_wconf 81' lang='lat' dir='ltr'>Leo,</span> <span class='ocrx_word' id='word_1_227' title='bbox 1140 2059 1288 2098; x_wconf 83' lang='lat' dir='ltr'>reflexit</span> <span class='ocrx_word' id='word_1_228' title='bbox 1312 2060 1367 2096; x_wconf 80' lang='lat' dir='ltr'>vel</span> <span class='ocrx_word' id='word_1_229' title='bbox 1390 2058 1545 2099; x_wconf 82' lang='lat' dir='ltr'>retorsit</span> 
     </span>
     <span class='ocr_line' id='line_1_32' title="bbox 169 2106 1545 2155; baseline -0.001 -10"><span class='ocrx_word' id='word_1_230' title='bbox 169 2107 320 2145; x_wconf 72' lang='lat' dir='ltr'>Richter</span> <span class='ocrx_word' id='word_1_231' title='bbox 341 2109 347 2154; x_wconf 80' lang='grc'>1</span> <span class='ocrx_word' id='word_1_232' title='bbox 370 2107 515 2154; x_wconf 87' lang='lat' dir='ltr'>esperio</span> <span class='ocrx_word' id='word_1_233' title='bbox 542 2110 570 2142; x_wconf 78' lang='grc' dir='ltr'><strong>Ε</strong></span> <span class='ocrx_word' id='word_1_234' title='bbox 593 2110 597 2153; x_wconf 69' lang='lat' dir='ltr'>l</span> <span class='ocrx_word' id='word_1_235' title='bbox 621 2110 709 2143; x_wconf 85' lang='grc'><strong>1205</strong></span> <span class='ocrx_word' id='word_1_236' title='bbox 735 2108 882 2154; x_wconf 84' lang='lat' dir='ltr'>perdidi</span> <span class='ocrx_word' id='word_1_237' title='bbox 912 2109 950 2144; x_wconf 81' lang='lat' dir='ltr'>et</span> <span class='ocrx_word' id='word_1_238' title='bbox 974 2110 1134 2144; x_wconf 78' lang='lat' dir='ltr'>mortem</span> <span class='ocrx_word' id='word_1_239' title='bbox 1157 2108 1276 2145; x_wconf 84' lang='lat' dir='ltr'>michi</span> <span class='ocrx_word' id='word_1_240' title='bbox 1299 2111 1329 2144; x_wconf 71' lang='lat' dir='ltr'>B</span> <span class='ocrx_word' id='word_1_241' title='bbox 1353 2119 1391 2155; x_wconf 90' lang='lat' dir='ltr'>p.</span> <span class='ocrx_word' id='word_1_242' title='bbox 1410 2118 1460 2143; x_wconf 83' lang='lat' dir='ltr'>m.</span> <span class='ocrx_word' id='word_1_243' title='bbox 1479 2106 1545 2144; x_wconf 86' lang='lat' dir='ltr'>hei</span> 
     </span>
     <span class='ocr_line' id='line_1_33' title="bbox 167 2155 1543 2203; baseline -0.001 -11"><span class='ocrx_word' id='word_1_244' title='bbox 167 2167 217 2192; x_wconf 88' lang='lat' dir='ltr'>m.</span> <span class='ocrx_word' id='word_1_245' title='bbox 241 2158 272 2191; x_wconf 90' lang='lat' dir='ltr'>A</span> <span class='ocrx_word' id='word_1_246' title='bbox 290 2156 302 2202; x_wconf 77' lang='grc' dir='ltr'>ΙΙ</span> <span class='ocrx_word' id='word_1_247' title='bbox 321 2159 410 2191; x_wconf 75' lang='grc'><strong>1207</strong></span> <span class='ocrx_word' id='word_1_248' title='bbox 437 2155 543 2192; x_wconf 79' lang='lat' dir='ltr'>videt</span> <span class='ocrx_word' id='word_1_249' title='bbox 567 2157 611 2191; x_wconf 81' lang='lat' dir='ltr'>ut</span> <span class='ocrx_word' id='word_1_250' title='bbox 635 2155 820 2199; x_wconf 52' lang='lat' dir='ltr'>laudes}</span> <span class='ocrx_word' id='word_1_251' title='bbox 840 2158 852 2202; x_wconf 60' lang='lat' dir='ltr'>l}</span> <span class='ocrx_word' id='word_1_252' title='bbox 871 2159 961 2191; x_wconf 82' lang='grc'><strong>1209</strong></span> <span class='ocrx_word' id='word_1_253' title='bbox 986 2167 1055 2193; x_wconf 89' lang='lat' dir='ltr'>om.</span> <span class='ocrx_word' id='word_1_254' title='bbox 1076 2165 1113 2201; x_wconf 80' lang='grc' dir='ltr'><em>ψ</em></span> <span class='ocrx_word' id='word_1_255' title='bbox 1138 2158 1206 2194; x_wconf 77' lang='lat' dir='ltr'>del.</span> <span class='ocrx_word' id='word_1_256' title='bbox 1221 2157 1356 2203; x_wconf 74' lang='lat' dir='ltr'>Peiper</span> <span class='ocrx_word' id='word_1_257' title='bbox 1373 2157 1386 2203; x_wconf 77' lang='lat' dir='ltr'>u</span> <span class='ocrx_word' id='word_1_258' title='bbox 1403 2158 1486 2192; x_wconf 79' lang='grc'><strong>1211</strong></span> <span class='ocrx_word' id='word_1_259' title='bbox 1508 2165 1543 2191; x_wconf 80' lang='lat' dir='ltr'>v.</span> 
     </span>
     <span class='ocr_line' id='line_1_34' title="bbox 167 2203 1544 2252; baseline 0.001 -12"><span class='ocrx_word' id='word_1_260' title='bbox 167 2205 195 2240; x_wconf 89' lang='lat' dir='ltr'>t.</span> <span class='ocrx_word' id='word_1_261' title='bbox 222 2204 342 2240; x_wconf 82' lang='lat' dir='ltr'>morte</span> <span class='ocrx_word' id='word_1_262' title='bbox 368 2216 404 2251; x_wconf 89' lang='lat' dir='ltr'>g.</span> <span class='ocrx_word' id='word_1_263' title='bbox 437 2207 466 2239; x_wconf 74' lang='grc' dir='ltr'>Ε</span> <span class='ocrx_word' id='word_1_264' title='bbox 503 2205 613 2239; x_wconf 75' lang='lat' dir='ltr'>vasta</span> <span class='ocrx_word' id='word_1_265' title='bbox 638 2214 788 2250; x_wconf 84' lang='lat' dir='ltr'>pressus</span> <span class='ocrx_word' id='word_1_266' title='bbox 814 2203 912 2240; x_wconf 86' lang='lat' dir='ltr'>mole</span> <span class='ocrx_word' id='word_1_267' title='bbox 938 2204 1139 2250; x_wconf 76' lang='lat' dir='ltr'>gigantum</span> <span class='ocrx_word' id='word_1_268' title='bbox 1173 2209 1204 2240; x_wconf 94' lang='lat' dir='ltr'>A</span> <span class='ocrx_word' id='word_1_269' title='bbox 1239 2206 1252 2252; x_wconf 75' lang='lat' dir='ltr'>u</span> <span class='ocrx_word' id='word_1_270' title='bbox 1289 2207 1376 2242; x_wconf 79' lang='grc'><strong>1912</strong></span> <span class='ocrx_word' id='word_1_271' title='bbox 1413 2203 1544 2241; x_wconf 75' lang='lat' dir='ltr'>morti-</span> 
     </span>
     <span class='ocr_line' id='line_1_35' title="bbox 168 2251 1542 2299; baseline -0.001 -11"><span class='ocrx_word' id='word_1_272' title='bbox 168 2252 291 2291; x_wconf 84' lang='lat' dir='ltr'>ferum</span> <span class='ocrx_word' id='word_1_273' title='bbox 315 2256 344 2288; x_wconf 78' lang='lat' dir='ltr'>E</span> <span class='ocrx_word' id='word_1_274' title='bbox 375 2253 387 2299; x_wconf 77' lang='lat' dir='ltr'>ss</span> <span class='ocrx_word' id='word_1_275' title='bbox 417 2255 504 2288; x_wconf 75' lang='lat'>1214</span> <span class='ocrx_word' id='word_1_276' title='bbox 529 2251 562 2287; x_wconf 83' lang='lat' dir='ltr'>si</span> <span class='ocrx_word' id='word_1_277' title='bbox 587 2253 655 2287; x_wconf 86' lang='lat' dir='ltr'>tua</span> <span class='ocrx_word' id='word_1_278' title='bbox 681 2263 711 2288; x_wconf 91' lang='lat' dir='ltr'>c.</span> <span class='ocrx_word' id='word_1_279' title='bbox 739 2263 769 2288; x_wconf 89' lang='lat' dir='ltr'>e.</span> <span class='ocrx_word' id='word_1_280' title='bbox 796 2253 1013 2288; x_wconf 81' lang='lat' dir='ltr'>miseranda</span> <span class='ocrx_word' id='word_1_281' title='bbox 1038 2253 1141 2289; x_wconf 89' lang='lat' dir='ltr'>necis</span> <span class='ocrx_word' id='word_1_282' title='bbox 1166 2257 1197 2288; x_wconf 94' lang='lat' dir='ltr'>A</span> <span class='ocrx_word' id='word_1_283' title='bbox 1231 2252 1299 2289; x_wconf 87' lang='lat' dir='ltr'>sed</span> <span class='ocrx_word' id='word_1_284' title='bbox 1322 2253 1351 2289; x_wconf 83' lang='lat' dir='ltr'>t.</span> <span class='ocrx_word' id='word_1_285' title='bbox 1379 2263 1409 2288; x_wconf 92' lang='lat' dir='ltr'>c.</span> <span class='ocrx_word' id='word_1_286' title='bbox 1436 2263 1467 2288; x_wconf 90' lang='grc'>0.</span> <span class='ocrx_word' id='word_1_287' title='bbox 1493 2263 1542 2288; x_wconf 89' lang='lat' dir='ltr'>m.</span> 
     </span>
     <span class='ocr_line' id='line_1_36' title="bbox 168 2298 1546 2348; baseline -0.001 -12"><span class='ocrx_word' id='word_1_288' title='bbox 168 2300 292 2337; x_wconf 79' lang='lat' dir='ltr'>maius</span> <span class='ocrx_word' id='word_1_289' title='bbox 317 2304 346 2336; x_wconf 72' lang='grc' dir='ltr'><strong>Β</strong></span> <span class='ocrx_word' id='word_1_290' title='bbox 381 2300 593 2336; x_wconf 81' lang='lat' dir='ltr'>venerande</span> <span class='ocrx_word' id='word_1_291' title='bbox 618 2311 754 2336; x_wconf 78' lang='lat' dir='ltr'>manus</span> <span class='ocrx_word' id='word_1_292' title='bbox 783 2301 944 2345; x_wconf 76' lang='lat' dir='ltr'>Gronov,</span> <span class='ocrx_word' id='word_1_293' title='bbox 973 2300 1188 2337; x_wconf 79' lang='lat' dir='ltr'>miserande</span> <span class='ocrx_word' id='word_1_294' title='bbox 1212 2302 1290 2338; x_wconf 72' lang='lat' dir='ltr'>Leo</span> <span class='ocrx_word' id='word_1_295' title='bbox 1314 2298 1546 2348; x_wconf 71' lang='lat' dir='ltr'>(miseranda</span> 
     </span>
     <span class='ocr_line' id='line_1_37' title="bbox 168 2348 1545 2396; baseline -0.001 -12"><span class='ocrx_word' id='word_1_296' title='bbox 168 2348 292 2395; x_wconf 82' lang='lat' dir='ltr'>magis</span> <span class='ocrx_word' id='word_1_297' title='bbox 317 2348 448 2396; x_wconf 81' lang='lat' dir='ltr'>Bothe)</span> <span class='ocrx_word' id='word_1_298' title='bbox 473 2350 485 2395; x_wconf 84' lang='grc' dir='ltr'>ΙΙ</span> <span class='ocrx_word' id='word_1_299' title='bbox 510 2352 595 2385; x_wconf 76' lang='lat'>1215</span> <span class='ocrx_word' id='word_1_300' title='bbox 622 2350 680 2385; x_wconf 88' lang='lat' dir='ltr'>est</span> <span class='ocrx_word' id='word_1_301' title='bbox 705 2359 771 2384; x_wconf 86' lang='lat' dir='ltr'>om.</span> <span class='ocrx_word' id='word_1_302' title='bbox 799 2352 827 2384; x_wconf 75' lang='grc' dir='ltr'><strong>Ε</strong></span> <span class='ocrx_word' id='word_1_303' title='bbox 852 2350 865 2395; x_wconf 83' lang='grc' dir='ltr'>ΙΙ</span> <span class='ocrx_word' id='word_1_304' title='bbox 889 2351 975 2384; x_wconf 77' lang='grc'><strong>1216</strong></span> <span class='ocrx_word' id='word_1_305' title='bbox 999 2348 1079 2386; x_wconf 85' lang='lat' dir='ltr'>iam</span> <span class='ocrx_word' id='word_1_306' title='bbox 1104 2352 1134 2384; x_wconf 92' lang='lat' dir='ltr'>A</span> <span class='ocrx_word' id='word_1_307' title='bbox 1160 2350 1270 2386; x_wconf 69' lang='lat' dir='ltr'>mser.</span> <span class='ocrx_word' id='word_1_308' title='bbox 1295 2359 1480 2386; x_wconf 71' lang='lat' dir='ltr'>nnncvms</span> <span class='ocrx_word' id='word_1_309' title='bbox 1506 2359 1545 2384; x_wconf 89' lang='grc' dir='ltr'>ω</span> 
     </span>
    </p>
   </div>
   <div class='ocr_carea' id='block_1_5' title="bbox 169 2404 299 2442">
    <p class='ocr_par' dir='ltr' id='par_1_22' title="bbox 169 2404 299 2442">
     <span class='ocr_line' id='line_1_38' title="bbox 169 2404 299 2442; baseline -0.023 -8"><span class='ocrx_word' id='word_1_310' title='bbox 169 2407 237 2434; x_wconf 85' lang='lat' dir='ltr'>om.</span> <span class='ocrx_word' id='word_1_311' title='bbox 261 2404 299 2442; x_wconf 84' lang='grc' dir='ltr'>ψ</span> 
     </span>
    </p>
   </div>
  </div>
 </body>
</html>
