1618 2554
542 88 798 125 mencvtss
825 88 1053 137 [FVRENSJ
1435 89 1490 131 11

109 191 227 233 artos
260 189 423 232 serenis
455 189 650 231 vultibus
682 188 820 231 nodos
851 188 973 243 tulit,
1419 199 1491 232 220

110 253 154 296 et
184 249 355 293 tumida
384 252 533 292 tenera
565 252 743 307 guttura
773 249 938 291 elidens
971 263 1102 292 manu

109 310 297 367 prolusit
327 310 503 367 hydrae.
565 309 755 352 Maenali
786 310 941 366 pernix
972 310 1081 364 fera,

110 370 249 414 multo
281 370 486 414 decorum
518 371 765 427 praeferens
797 385 902 413 auro
935 373 1085 426 caput,

109 431 320 488 deprensa
351 445 498 487 cursu3
529 431 747 474 maximus
778 429 970 474 Nemeae
1001 431 1136 473 timor

108 507 284 550 pressus
314 493 488 536 lacertis
520 492 688 549 gemuit
719 490 950 535 Herculeis
981 492 1063 534 leo.
1421 502 1492 534 225

110 553 216 610 quid
246 553 419 597 stabula
449 567 687 596 memorem
718 553 812 595 dira
842 552 1034 595 Bistonii
1065 553 1210 610 gregis

110 614 288 671 suisque
318 629 466 672 regem
498 613 711 670 pabulum
742 613 950 656 armentis
982 613 1152 668 datum,

109 675 376 732 solitumque
407 674 552 733 densis
583 673 807 730 hispidum
838 672 1103 730 Erymanthi
1134 674 1250 731 iugis

110 735 298 780 Arcadia
329 737 509 793 quatere
539 750 718 779 nemora
747 733 1015 778 Maenalium
1048 749 1189 790 suem,

109 799 373 853 taurumque
404 799 580 840 centum
611 810 703 839 non
731 796 873 839 levem
902 795 1082 852 populis
1112 796 1309 839 metum?
1421 806 1494 840 230

112 858 227 904 inter
256 859 448 901 remotos
481 857 624 915 gentis
655 855 894 913 Hesperiae
927 871 1080 915 greges

108 920 260 975 pastor
290 918 501 962 triformis
532 918 675 961 litoris
706 916 893 960 Tartesii

109 976 382 1036 peremptus,
413 981 511 1022 acta
542 981 608 1022 est
638 978 800 1035 praeda
830 978 886 1021 ab
919 991 1075 1022 occasu
1106 978 1283 1035 ultimo3

111 1043 266 1084 notum
299 1038 536 1083 Cithaeron
566 1039 688 1095 pavit
719 1037 892 1082 Oceano
924 1052 1068 1095 pecus.

110 1103 335 1158 penetrare
367 1102 511 1143 iussus
543 1100 648 1143 solis
682 1100 836 1142 aestivi
867 1100 1020 1157 plagas
1423 1110 1494 1142 235

112 1165 156 1206 et
187 1162 342 1205 adusta
373 1161 542 1204 medius
573 1175 708 1218 regna·
741 1175 850 1216 quae
882 1163 1020 1204 torret
1052 1160 1142 1203 dies

110 1223 330 1279 utrimque
362 1224 534 1265 montes
566 1221 699 1264 solvit
731 1236 781 1265 ac
811 1224 942 1278 rupto
976 1221 1099 1265 obice

108 1285 244 1327 latam
275 1283 420 1326 ruenti
449 1282 556 1325 fecit
587 1280 761 1325 Oceano
793 1283 920 1325 viam.

110 1347 213 1400 post
243 1343 352 1387 haec
383 1343 562 1386 adortus
594 1343 784 1386 nemoris
818 1343 1017 1399 opulenti
1049 1343 1202 1386 domos

111 1405 298 1448 aurifera
327 1404 475 1462 vigilis
508 1404 650 1460 spolia
681 1404 896 1460 serpentis
927 1404 1050 1460 tulit;
1421 1415 1492 1446 240

111 1466 247 1522 quid?
292 1480 420 1509 saeva
450 1464 615 1508 Lernae
647 1466 862 1521 monstra,
891 1479 1173 1508 numerosum
1206 1465 1390 1520 malum,

110 1542 201 1570 non
231 1527 333 1585 igne
365 1527 540 1569 demum
570 1525 677 1568 vicit
708 1528 751 1568 et
783 1526 932 1569 docuit
963 1526 1094 1581 mori,

112 1588 350 1643 solitasque
382 1587 528 1643 pinnis
560 1586 745 1629 condere
778 1585 978 1629 obductis
1010 1586 1124 1629 diem

111 1648 224 1705 petit
255 1648 310 1691 ab
342 1648 450 1704 ipsis
481 1646 672 1690 nubibus
705 1646 1065 1704 Stymphalidas?

112 1723 202 1752 non
234 1709 338 1751 vicit
370 1709 495 1751 illum
528 1708 708 1751 caelibis
739 1723 911 1764 semper
941 1708 1028 1751 tori
1425 1719 1495 1750 245

111 1770 263 1827 regina
293 1770 438 1827 gentis
470 1769 601 1812 vidua
631 1767 1017 1824 Thermodontiae,

113 1844 194 1873 nec
225 1830 280 1873 ad
312 1845 440 1873 omne
473 1831 639 1873 clarum
669 1830 840 1873 facinus
873 1829 1057 1872 audaces
1089 1844 1244 1872 manus

115 1890 279 1934 stabuli
309 1890 483 1948 fugavit
513 1891 656 1947 turpis
688 1890 833 1948 Augei
863 1889 999 1933 labor.

211 2049 284 2082 220
322 2047 391 2083 del.
430 2046 579 2090 Withof
610 2047 622 2092 11
660 2049 732 2081 224
772 2057 883 2081 cursu
921 2047 980 2082 est
1016 2048 1048 2081 Δ
1086 2049 1144 2081 est
1182 2057 1249 2082 om.
1283 2049 1312 2080 Ε
1358 2048 1407 2089 (et
1444 2047 1498 2081 sic

115 2095 289 2142 Bentley)
333 2096 347 2141 11
390 2098 461 2130 225
506 2094 653 2141 gemuit
695 2093 851 2130 lacertis
893 2105 1046 2141 pressus
1090 2096 1121 2128 A
1164 2096 1177 2140 11
1225 2097 1297 2129 226
1341 2093 1497 2140 gregis?

117 2144 202 2188 (sic)
227 2147 257 2179 Ε
281 2144 295 2190 11
329 2146 401 2178 222
433 2142 579 2189 hispidi
610 2143 769 2190 Bentley
804 2143 817 2189 11
854 2146 926 2178 232
958 2142 1117 2179 carcesii
1148 2146 1177 2177 B
1216 2142 1371 2178 cartesii
1403 2143 1499 2187 (car-

116 2190 250 2239 chesii)
292 2194 343 2228 Αἱἴ
384 2192 397 2238 11
439 2194 512 2227 286
556 2201 634 2236 qua
675 2190 725 2226 Β*
758 2202 833 2236 que
870 2190 919 2226 ΖΕ2
955 2194 967 2234 11
1008 2194 1079 2227 237
1121 2191 1284 2238 abrupto
1322 2202 1361 2226 ω
1405 2201 1498 2227 corr.

119 2240 270 2277 Gronov
305 2242 319 2288 11
355 2243 426 2276 238
459 2241 499 2276 et
529 2239 608 2276 iam
631 2239 761 2276 ruenti
785 2243 816 2275 Δ
858 2240 871 2286 11
914 2242 987 2275 239
1012 2240 1148 2276 domus
1171 2239 1222 2274 ΕΙ
1257 2239 1389 2274 domos
1414 2237 1463 2273 13²
1487 2239 1502 2285 11

116 2291 185 2324 241
214 2287 359 2326 letinae
389 2287 419 2335 (i
450 2290 547 2335 exp.)
572 2292 602 2323 Β
645 2288 658 2334 11
701 2291 775 2324 242
806 2287 927 2324 mori?
962 2288 1046 2333 (sic)
1072 2291 1101 2323 Ε
1139 2289 1151 2334 11
1188 2290 1259 2323 243
1292 2286 1421 2333 pinnis
1452 2286 1502 2321 13¹

116 2335 253 2384 pennis
273 2336 391 2382 11¹1}
408 2340 479 2372 248
512 2335 656 2374 stabuli
687 2347 780 2374 corr.
801 2347 845 2373 εει·
871 2335 1034 2372 stabulis
1054 2337 1090 2383 (1
1111 2335 1174 2372 m?
1200 2334 1343 2372 stabuli
1362 2336 1421 2382 Σ)
1440 2338 1469 2370 Β
1493 2335 1498 2382 1

117 2384 256 2432 augaei
282 2385 330 2421 ΕΙ
368 2385 505 2432 angaei
532 2384 660 2420 B¹Affl
