1618 2554
540 123 797 160 HERCVLES
823 123 1052 172 [FVRENS]
1431 123 1487 165 31

681 232 917 277 CHORVS

382 306 526 351 Natus
557 306 832 364 Eurystheus
864 310 1127 363 properante
1159 309 1287 363 partu
1420 317 1491 349 830

1033 384 1055 407 *

294 429 481 473 iusserat
510 428 666 472 mundi
696 431 923 485 penetrare
954 428 1159 471 fundum:

292 489 415 533 derat
444 488 531 533 hoe
562 489 705 532 solum
736 503 919 532 numero
952 489 1172 545 laborum,

292 551 445 594 tertiae
475 564 624 608 regem
657 550 845 607 spoliare
877 550 1019 592 sortis.

293 625 424 654 ausus
457 626 502 653 es
535 624 686 654 caecos
718 610 862 653 aditus
896 611 1023 666 inire,

293 672 414 716 ducit
444 671 499 714 ad
530 685 679 715 manes
710 672 783 715 via
814 686 842 727 q
875 686 901 715 a
931 674 1123 714 remotos
1365 675 1367 677 '
1423 680 1492 712 835

293 732 431 776 tristis
464 734 509 775 et
537 732 666 790 nigra
696 734 873 775 metuen
904 747 930 774 a.
961 732 1088 788 silva,

294 793 370 837 sed
400 794 606 849 frequens
638 807 799 852 magna
831 792 1068 836 comitante
1099 792 1239 835 turba.

385 852 582 922 Qua-ntus
614 853 778 896 incedit
807 853 999 910 populus
1030 867 1109 909 per
1139 852 1268 896 urbes

295 914 351 958 ad
380 915 484 958 novi
515 913 644 957 ludos
678 914 829 957 avidus
860 913 1041 970 theatri,

295 978 485 1032 quantus
516 973 676 1018 Eleum
706 975 796 1018 ruit
827 974 882 1018 ad
912 973 1176 1030 Tonantem,
1424 985 1495 1016 840

295 1036 449 1093 quinta
480 1050 580 1079 cum
613 1049 782 1078 sacrum
814 1035 1036 1078 revocavit
1067 1037 1228 1091 aesta83

296 1098 478 1153 quanta,
510 1111 609 1140 cum
641 1096 800 1153 longae
831 1095 945 1139 redit
974 1095 1084 1139 hora
1114 1096 1235 1139 nocti

296 1172 486 1201 erescere
519 1159 563 1200 et
594 1171 771 1200 somnos
804 1157 984 1213 cupiens
1017 1157 1189 1212 quietos
1284 1158 1289 1162 ’

294 1218 407 1261 libra
437 1217 665 1260 Phoebeos
696 1220 817 1260 tenet
847 1232 987 1273 aequa
1018 1230 1187 1274 currus,

295 1279 425 1322 turba
456 1280 666 1322 secretam
699 1276 899 1321 Cererem
930 1278 1181 1334 frequentat
1426 1288 1494 1320 845

299 1342 343 1382 et
375 1339 451 1382 citi
482 1339 609 1383 tectis
641 1341 879 1395 properant
908 1338 1072 1381 relictis

298 1399 435 1443 Attici
467 1402 640 1443 noctem
674 1399 890 1443 celebrare
923 1402 1108 1454 mystae:

296 1463 419 1504 tanta
451 1476 529 1517 per
560 1475 737 1516 campos
770 1460 917 1517 agitur
948 1461 1124 1503 silentes

298 1521 442 1577 turba3
475 1536 575 1577 pars
607 1521 732 1564 tarda
763 1521 960 1579 graditur
992 1523 1180 1565 senecta

295 1581 432 1624 tristis
465 1585 510 1625 et
538 1583 673 1639 longa
703 1582 860 1624 satiata
890 1582 999 1636 vita3
1426 1591 1496 1624 850

297 1657 397 1699 pars
429 1641 571 1686 adhue
603 1643 740 1686 currit
770 1642 963 1685 melioris
997 1642 1110 1685 aevi:

297 1703 487 1761 virgines
519 1703 714 1745 nondum
747 1703 951 1745 thalamis
983 1703 1157 1760 iugatae

298 1766 342 1806 et
373 1764 509 1807 comis
540 1764 735 1807 nondum
769 1764 924 1820 positis
957 1763 1114 1819 ephebi

298 1825 448 1867 matris
482 1827 524 1866 et
555 1839 717 1867 nomen
749 1824 878 1867 modo
914 1823 1066 1867 doctus
1099 1823 1254 1866 infans.

298 1884 366 1926 his
400 1885 548 1927 datum
581 1886 706 1940 solis,
737 1886 881 1927 minus
914 1887 964 1926 ut
995 1885 1218 1939 timerent,
1426 1894 1495 1926 855

299 1945 400 2002 igne
431 1946 626 2001 praelato
656 1946 848 1988 relevare
879 1947 1072 2002 nootem3

299 2006 430 2048 ceteri
462 2005 626 2048 vadunt
657 2021 735 2061 per
766 2020 902 2061 opaca
933 2006 1090 2048 tristes.

215 2127 296 2169 post
322 2126 392 2158 830
418 2124 593 2160 lacunam
617 2125 751 2160 statuit
776 2124 920 2170 Peiper.
970 2125 1059 2160 Tale
1089 2125 1383 2170 supplementum
1407 2134 1496 2168 pro-

115 2172 243 2216 posuit
255 2171 423 2207 Richter.-
442 2171 644 2208 Herculem
658 2174 793 2207 natum
806 2174 1021 2208 remorante
1033 2174 1159 2218 partu,
1176 2176 1219 2208 ut
1230 2172 1365 2208 similis
1377 2173 1498 2208 exitus

120 2220 317 2256 librarium
339 2219 514 2264 fefellc‘sse
536 2221 732 2265 putandus
756 2222 806 2256 sit
841 2222 853 2267 ΙΙ
891 2224 957 2256 831
985 2220 1097 2257 iussit
1122 2219 1285 2256 Alciden
1316 2220 1466 2264 Withof

121 2270 192 2302 884
223 2269 281 2303 est
312 2271 343 2302 Δ
386 2270 398 2314 ΙΙ
442 2271 512 2303 836
544 2268 640 2304 silva
671 2269 878 2304 metuenda
908 2269 1020 2315 nigra
1045 2272 1076 2304 Δ
1113 2271 1125 2315 ΙΙ
1170 2272 1240 2304 840
1272 2267 1397 2313 qualis
1430 2271 1496 2303 EA

120 2326 211 2351 corr.
238 2324 276 2359 ψ
299 2319 303 2361 Ι
327 2316 445 2351 currit
475 2320 523 2351 Δῑ
556 2316 633 2352 coit
659 2329 687 2353 α
725 2320 737 2363 ΙΙ
776 2321 846 2352 842
879 2317 1001 2353 noctis
1027 2321 1058 2352 A
1095 2319 1107 2363 Η
1145 2320 1217 2352 844
1247 2316 1404 2352 thebeos
1431 2321 1459 2351 E
1485 2317 1497 2363 ἒξ

122 2367 192 2398 846
218 2363 304 2399 sciti
324 2376 350 2400 τ
376 2364 469 2400 scite
494 2364 688 2411 (Scythae)
709 2373 746 2409 ψ
765 2370 777 2410 11
798 2368 870 2400 849
894 2366 1072 2411 gradiens
1097 2369 1129 2400 A
1147 2367 1159 2411 ΙΙ
1180 2368 1250 2400 849
1264 2377 1315 2408 sq.
1344 2367 1494 2400 senecta

123 2434 166 2437 ---
181 2411 260 2447 vita
285 2413 395 2456 affert
423 2412 548 2449 Guido
574 2414 618 2448 de
644 2414 840 2457 Bazochis,
866 2415 912 2458 cf.
929 2414 1050 2460 praef.
1074 2426 1101 2450 e.
1124 2414 1174 2448 ΙΙ
