1618 2554
189 84 278 128 352
626 83 666 121 L.
686 82 758 120 AN
758 82 794 120 N
794 82 879 121 AEI
903 83 1125 122 SENECAE

187 186 419 239 totumque
448 182 603 226 rubeat
634 183 776 239 asperi
807 183 969 226 montis
1000 184 1127 227 latus.
1494 196 1565 230 865

187 243 297 288 levis
327 258 416 286 una
446 256 564 286 mors
596 246 661 286 est
694 268 748 274 —
781 243 919 287 levis?
949 246 995 286 at
1026 244 1203 288 extendi
1233 247 1390 302 potest.

189 303 349 363 eligere
380 303 539 359 nescis,
570 302 730 358 anime,
762 304 833 347 cui
864 304 952 347 telo
984 304 1183 361 incubes3

188 365 359 408 utinam
389 366 522 419 esset,
552 364 720 407 utinam
753 364 866 407 fixus
897 364 944 408 in
974 364 1180 409 thalamis
1211 365 1320 410 meis

118 448 124 454 «
188 422 431 469 Herculeus
462 424 594 468 ensis:
624 423 728 468 huic
759 423 882 468 decet
912 424 1026 468 ferro
1058 426 1231 470 inmoti.

188 501 275 529 una
305 485 447 542 perire
479 485 654 528 dextera
685 483 812 528 nobis
845 487 912 528 sat
943 485 1037 528 est?
1493 498 1564 532 870

188 546 321 601 coite,
352 547 521 604 gentes,
553 559 657 588 saxa
689 547 732 588 et
763 545 997 589 immensas
1028 545 1146 590 faces

187 607 401 650 iaculetur
432 605 567 662 orbis,
598 605 719 648 nulla
749 621 867 650 nunc
897 608 1037 649 cesset
1067 621 1242 663 manus,

188 666 393 736 corripite
423 666 528 723 tela,
560 666 777 709 vindicem
807 669 1001 710 vestrum
1032 666 1215 710 abstuli:

188 727 366 784 impune
399 727 516 770 saevi
548 729 719 783 sceptra
749 727 837 770 iam
868 741 993 784 reges
1026 730 1196 785 gerent,

186 788 366 844 impune
396 787 484 830 iam
515 789 716 831 nascetur
747 787 1011 831 indomitum
1042 788 1225 845 malum3
1494 800 1566 833 8⁷5

186 849 439 904 repetentur
467 862 567 890 arae
598 861 772 891 cernere
802 850 1000 892 assuetae
1032 847 1222 892 hostiam

187 909 374 952 similem
406 908 586 951 colenti:
618 908 852 952 sceleribus
884 909 969 952 feci
999 909 1135 965 viam,

187 983 269 1027 ego
301 982 379 1012 vos
409 968 607 1025 tyrannis
637 968 814 1026 regibus
846 970 1053 1013 monstris
1084 969 1187 1013 feris

187 1027 413 1085 saevisque
442 1031 569 1086 rapto
600 1029 772 1073 vindice
803 1029 991 1086 opposui
1025 1029 1128 1073 deis,

187 1103 345 1145 cessas,
377 1088 588 1133 Tonantis
619 1090 765 1133 socia?
797 1104 889 1133 non
920 1090 1088 1148 spargis
1119 1090 1261 1135 facem
1491 1101 1562 1135 880

186 1150 358 1193 imitata
387 1149 565 1193 fratrem
597 1152 642 1193 et
672 1150 812 1194 mittis
844 1153 1038 1207 ereptam
1069 1149 1167 1194 Iovi

186 1225 342 1266 meque
372 1209 469 1266 ipsa
498 1210 674 1267 perdis?
704 1211 800 1254 laus
831 1210 915 1254 tibi
946 1214 1094 1268 erepta
1125 1211 1290 1255 incluta
1323 1214 1407 1268 est,

186 1271 340 1328 ingens
371 1270 638 1327 triumphus:
670 1271 848 1326 aemuli,
879 1270 1010 1327 Iuno,
1041 1272 1108 1316 tui

186 1334 373 1374 mortem
398 1331 617 1387 occupavi.
667 1343 775 1374 HYL.
803 1305 916 1383 Quid
937 1331 1115 1375 domum
1140 1332 1375 1388 impulsam
1394 1332 1563 1377 trahis?

187 1390 343 1435 erroris
375 1393 441 1434 est
470 1391 544 1435 hic
575 1406 703 1435 omne
736 1393 1041 1449 quodcumque
1072 1395 1140 1436 est
1169 1392 1302 1435 nefas.
1492 1403 1562 1436 885

186 1451 294 1494 haut
325 1454 391 1495 est
421 1466 581 1495 nocens
615 1452 878 1508 quicumque
909 1466 1000 1495 non
1031 1454 1188 1509 sponte
1219 1455 1286 1496 est
1316 1467 1513 1497 nocens.·

187 1524 282 1555 DEI.
315 1511 586 1568 Quicumque
617 1512 709 1555 fato
742 1512 932 1571 ignoscit
964 1515 1007 1556 et
1038 1513 1180 1570 parcit
1211 1513 1314 1569 sibi,

187 1587 329 1615 errare
359 1572 536 1615 meruit:
567 1576 706 1615 morte
738 1573 934 1616 damnari
965 1574 1120 1630 placet,

186 1643 293 1676 HYL.
325 1631 500 1676 Nocens
531 1633 687 1689 videri,
719 1633 795 1689 qui
826 1634 939 1677 mori
970 1634 1157 1690 quaerit,
1188 1634 1320 1690 cupit.

186 1704 280 1736 DEI.
312 1692 431 1736 Mors
462 1693 715 1736 innocentes
748 1694 841 1736 sola
873 1695 1076 1751 deceptos
1106 1694 1224 1738 facit.
1491 1704 1562 1736 890

186 1765 293 1796 HYL.
325 1751 482 1796 Titana
512 1753 685 1810 fugiens
713 1780 769 1785 -—
832 1766 926 1798 DEI.
958 1753 1057 1811 Ipse
1088 1769 1158 1798 me
1183 1753 1315 1798 Titan
1344 1754 1470 1811 fugit.

186 1825 292 1855 IIYL.
315 1812 463 1856 Vitam
483 1814 732 1870 relinques?
764 1826 858 1857 Dm.
878 1815 1101 1872 Miseram,
1120 1818 1171 1858 ut
1188 1814 1374 1860 Alciden
1394 1829 1560 1870 sequar.

185 1885 295 1916 HYL.
328 1872 535 1930 Superest
567 1876 609 1916 et
641 1889 766 1918 auras
797 1875 872 1918 ille
904 1876 1109 1919 caelestes
1139 1874 1287 1919 trahit.

186 1945 281 1976 DEI.
312 1933 444 1977 Vinci
475 1933 686 1978 Hercules
718 1950 817 1978 cum
850 1937 1011 1992 potuit,
1043 1935 1146 1979 hinc
1177 1936 1323 1992 coepit
1353 1935 1476 1979 mori.

283 2031 353 2063 885
386 2028 495 2083 ponti
525 2028 626 2064 latus
651 2032 682 2064 A
725 2031 737 2075 Η
781 2033 852 2065 866
884 2032 922 2066 et
954 2030 1107 2067 extendi
1138 2034 1168 2065 B
1211 2032 1224 2077 Η
1267 2033 1336 2066 868
1368 2029 1560 2066 thalamos

185 2086 289 2112 meos
307 2079 338 2111 Ε
357 2078 370 2124 ΙΙ
390 2080 454 2112 871
479 2076 652 2113 incensas
672 2079 703 2111 A
727 2078 918 2114 immissas
938 2079 988 2115 N.
1004 2079 1187 2116 Heinsius
1204 2090 1243 2126 p.
1263 2080 1339 2115 407
1356 2080 1369 2125 fl
1388 2081 1460 2114 8⁷2
1484 2087 1561 2114 non

186 2125 309 2161 cesset
338 2128 368 2160 B
410 2126 423 2170 ΙΙ
466 2127 537 2161 8⁷14
567 2126 702 2172 gerunt
734 2128 764 2160 A
795 2127 930 2172 gerant
961 2131 990 2162 t.
1023 2138 1114 2164 corr.
1140 2139 1171 2163 α
1206 2129 1220 2173 fl
1256 2129 1327 2162 ⁸⁷³
1359 2137 1427 2163 om.
1453 2126 1562 2173 Am!

186 2176 258 2209 878
281 2172 488 2209 reddentur
513 2185 551 2209 ω
582 2185 673 2209 corr.
694 2173 770 2209 Leo
800 2175 812 2220 ΙΙ
845 2178 910 2209 881
935 2177 1079 2211 eretam
1104 2179 1133 2211 Ε
1169 2177 1182 2223 11
1219 2178 1344 2211 884-
1352 2177 1424 2211 988
1448 2173 1561 2230 Hylli

185 2225 310 2268 pmrtes
332 2222 474 2258 nuto-wi
497 2223 715 2258 tribuwntur
739 2224 770 2256 A
788 2223 801 2268 11
820 2226 889 2257 885
917 2223 1051 2260 erroris
1079 2223 1168 2260 istic
1193 2226 1225 2259 A
1241 2225 1255 2270 ss
1274 2226 1345 2258 888
1370 2221 1438 2269 qui
1460 2221 1562 2269 petit

185 2271 347 2306 mortem
375 2281 448 2316 cup
449 2269 482 2306 it
506 2273 537 2305 A
579 2272 591 2315 Π
635 2273 700 2305 891
730 2269 854 2316 fugies
886 2274 917 2306 A
950 2273 955 2317 1
989 2285 1069 2308 nnn.
1108 2276 1165 2317 (ut
1194 2272 1344 2318 ubique)
1375 2270 1560 2307 thiestem

185 2317 300 2354 Titan
330 2318 357 2355 f.
383 2322 413 2353 Β
455 2319 468 2364 Π
511 2321 582 2354 882
607 2317 823 2363 relinquens
850 2323 879 2354 Ε
920 2321 925 2366 1
964 2320 1165 2356 miseram?
1197 2333 1231 2355 n.
1260 2321 1306 2356 ut
1330 2318 1504 2356 Alcidem
1529 2322 1558 2353 Ε

185 2367 353 2403 misera?
372 2380 407 2402 n.
435 2368 474 2403 et
498 2365 671 2403 Alcidem
698 2369 728 2401 A
752 2376 844 2404 corr.
867 2367 1017 2404 Gronov
1034 2370 1047 2414 11
1067 2372 1136 2404 898
1162 2371 1206 2405 ut
1231 2371 1261 2404 Β
