1618 2554
150 124 186 161 X
700 123 976 160 PRAEFATIO

151 229 295 278 typum
327 227 505 266 extitisse
543 227 709 266 alterius
751 227 958 266 cuiusdam
1003 226 1166 276 ordinis,
1209 227 1280 278 qui
1317 227 1412 266 licet
1449 238 1522 266 sua

150 288 409 340 progenuerit
446 289 565 336 vitia,
603 287 683 326 ubi
711 288 910 327 consentit
947 300 1038 326 oum
1076 286 1193 335 Italis
1233 286 1365 337 libris,
1402 299 1520 327 verae

148 348 332 387 lectionis
363 348 542 399 vulgaris
573 348 835 400 gravissimus
867 348 945 386 erit
972 338 1108 397 'testis3
1146 347 1215 386 ubi
1246 346 1390 398 differt,
1422 360 1521 387 non-

150 421 370 459 numquam
389 407 587 448 Italorum
606 407 761 447 mendis
780 407 977 447 medelam
1003 384 1144 446 afferre
1167 403 1351 459 poterit'.
1398 406 1520 447 Cuius

149 467 300 508 ordinis
333 481 422 507 cum
446 471 607 518 praeter
633 468 822 507 Trevethi
852 468 1001 507 librum
1026 468 1181 506 nullum
1213 468 1416 519 exemplar
1440 480 1520 508 ser·

148 531 288 567 vatum
320 530 385 578 sit,
419 528 603 569 meliores
635 527 787 568 codices
821 528 1108 568 Trevethianos
1146 527 1521 579 circumspiciendos

149 589 233 629 fore
266 591 306 628 et
346 589 645 640 comparandos.
715 586 804 628 Hac
842 588 889 628 de
928 601 1049 628 causa
1087 601 1176 628 cum
1215 589 1362 628 codicis
1404 588 1519 628 Urbi-

148 650 255 688 natis
294 649 380 688 355
419 650 535 701 signa
573 648 771 701 quaedam
809 649 1102 688 Trevethianae
1140 649 1308 701 originis
1344 661 1441 700 prae
1478 661 1520 689 se

148 709 313 749 ferentis
358 709 410 748 ad
447 708 659 750 Octaviam
703 710 893 749 lectiones
944 722 1016 760 per
1059 709 1379 749 Tscmnnnmtm
1429 722 1520 749 cum

149 769 483 809 Weidmanniano
513 772 626 809 textu
651 770 823 810 conferri
848 770 1041 818 iussisset,
1068 769 1174 819 quod
1206 769 1303 809 olim
1334 771 1518 821 expertus

136 831 248 879 erat,
268 829 545 869 confirmatum
570 829 685 879 vidit,
712 831 1017 869 commentarios
1043 829 1206 880 quidem
1231 829 1519 871 Trevethianos

147 890 295 929 iterum
326 890 551 941 iterumque
584 892 656 930 aut
686 890 803 942 plene
835 893 1018 930 exaratos
1045 890 1170 930 fuisse
1195 891 1267 930 aut
1291 892 1334 929 in
1358 890 1518 931 brevius

147 949 330 990 redactos
379 953 418 990 et
462 951 592 989 verbis
636 953 779 1001 poetae
824 951 1066 1002 adscriptos,
1110 950 1179 990 sed
1221 952 1282 990 ita.
1324 953 1371 990 ut
1413 950 1518 992 Italo

147 1012 277 1050 textui
309 1012 581 1051 attexerentur
612 1024 692 1050 non
723 1012 965 1061 interpolato
996 1010 1142 1050 Gallici
1173 1013 1306 1050 textus
1337 1011 1519 1051 lectioni-

147 1070 238 1110 bus:
283 1070 417 1121 ipsum
458 1072 614 1110 textum
659 1070 918 1111 Trevethiani
962 1071 1057 1110 libri
1099 1071 1303 1111 rarissime
1346 1072 1520 1111 inveniri

147 1144 275 1182 neque
308 1131 357 1170 ab
389 1131 472 1171 ullo
504 1144 696 1182 umquam
736 1132 896 1171 homine
929 1133 1154 1171 accuratius
1194 1131 1246 1172 ad
1281 1132 1355 1172 hoc
1393 1144 1520 1184 usque

75 1231 81 1242 ,,
146 1193 306 1243 tempus
343 1204 427 1230 esse
466 1191 714 1243 indagatum.
783 1192 891 1231 Nam
927 1191 1166 1231 Urbinafem
1202 1191 1320 1231 illum
1358 1192 1520 1232 affinem

148 1251 427 1303 Rehdigerano
464 1252 516 1291 12
553 1248 676 1306 (nunc
715 1247 820 1306 120)
859 1252 991 1292 ordini
1026 1253 1065 1290 Φ
1095 1251 1243 1303 potius,
1280 1265 1400 1303 quem
1437 1252 1518 1293 Leo

150 1311 372 1362 constituit,
404 1311 752 1351 adnumerandum
783 1325 867 1352 esse
898 1325 1026 1363 neque
1059 1311 1248 1352 Trevethi
1279 1312 1427 1352 librum
1459 1326 1517 1353 re-

147 1374 413 1423 praesentare.
472 1371 607 1411 Unum
643 1372 967 1424 Rehdigeranum
995 1374 1051 1411 14
1084 1368 1209 1426 (nunc
1237 1367 1343 1427 122)
1378 1386 1519 1424 quam-

148 1445 269 1482 quam
317 1433 415 1471 satis
456 1434 655 1472 recentem
698 1436 738 1472 et
777 1434 821 1471 in
862 1431 1002 1472 Medea
1043 1433 1325 1473 subsistentem
1365 1435 1519 1473 textum

147 1492 338 1543 praebere
381 1494 423 1531 et
466 1493 773 1533 commentarios
810 1494 916 1533 inter
953 1505 994 1532 se
1037 1493 1333 1545 respondentes.
1398 1492 1519 1533 Cuius

148 1553 339 1593 lectiones
369 1552 413 1590 in
443 1551 614 1592 Hercule
645 1553 804 1592 furente
842 1566 931 1592 cum
971 1549 1189 1597 ‘Ita-lorum
1219 1549 1395 1604 optimo'
1428 1565 1518 1593 con-

148 1612 256 1661 tulit,
288 1612 459 1652 collatae
491 1612 592 1664 quid
623 1612 829 1652 differrent
853 1626 946 1652 cum
970 1615 1077 1653 inter
1102 1626 1143 1653 se
1168 1616 1257 1653 tum
1282 1626 1307 1652 a
1332 1615 1519 1654 contextu

148 1685 267 1724 quem
298 1671 379 1711 Leo
412 1674 621 1712 constituit
652 1673 888 1724 exploravit,
919 1676 1007 1712 tum
1039 1675 1239 1725 quotquot
1276 1674 1418 1717 elicere
1448 1687 1519 1724 po-

147 1734 229 1772 tuit
257 1732 545 1772 Trevethianas
570 1733 761 1772 lectiones
787 1727 852 1787 (τ)
878 1746 924 1772 ex
951 1734 1328 1774 commentariorum
1351 1734 1518 1781 latebris

149 1793 339 1843 apposuit
381 1792 607 1843 mirumque
650 1795 696 1832 ut
739 1806 975 1833 consensum
1018 1795 1152 1834 textus
1196 1806 1286 1834 cum
1329 1794 1520 1834 Trevethi

148 1852 297 1902 verbis,
336 1852 397 1891 ita
433 1847 658 1892 dissensum
692 1855 902 1904 utriusque
940 1853 990 1892 ab
1029 1854 1135 1894 Itala
1171 1853 1342 1893 lectione
1380 1854 1517 1904 depre-

147 1912 301 1952 hendit.
362 1911 428 1951 Sic
460 1925 709 1952 communem
741 1915 782 1952 et
813 1913 958 1954 codicis
985 1914 1033 1964 D,
1066 1915 1092 1953 1.
1119 1927 1151 1953 e.
1177 1913 1371 1954 librorum
1399 1914 1451 1952 ad
1476 1915 1525 1958 H

151 1972 319 2012 classem
358 1973 660 2022 pertinentium,
698 1977 738 2012 et
782 1973 1041 2013 'Trevethiani
1084 1974 1322 2024 exemplaris
1365 1974 1519 2014 fontem

149 2032 228 2072 sibi
263 2032 372 2071 visus
412 2035 472 2072 est
517 2033 719 2083 aperuisse
757 2046 885 2084 neque
930 2034 1056 2073 alium
1100 2033 1290 2086 vulgatae
1333 2034 1516 2074 lectionis

148 2092 302 2132 fontem
344 2092 469 2132 fuisse
512 2093 667 2131 statuit.
737 2092 946 2144 specimen.
992 2094 1232 2133 recensionis
1275 2093 1314 2133 A
1358 2095 1518 2144 qualem

150 2154 284 2191 animo
326 2152 404 2191 sibi
444 2152 559 2190 finxit
599 2152 784 2192 Herculis
826 2153 1006 2202 fabulae,
1046 2155 1088 2192 in
1130 2154 1362 2206 appendicis
1403 2156 1517 2205 parte

150 2213 278 2252 altera
307 2213 518 2264 proposuit
551 2207 664 2266 (ibid.
690 2227 728 2264 p.
751 2207 928 2267 9—14).

240 2271 356 2312 Hanc
386 2271 558 2310 Pmpnm
591 2274 979 2324 argumentationem
1011 2274 1155 2324 quibus
1192 2275 1416 2314 rationibus
1449 2274 1516 2314 ad-

150 2332 293 2372 ductus
324 2345 405 2371 11011
436 2333 585 2383 possim
616 2345 689 2383 pro
721 2334 820 2372 satis
852 2335 960 2373 certo
994 2336 1033 2372 et
1064 2334 1192 2374 solido
1221 2334 1517 2386 'disquisitionis

149 2392 410 2433 fundamento
447 2391 591 2431 habere
642 2391 951 2437 Quaestionibus
984 2394 1133 2434 criticis
1171 2408 1208 2445 p.
1240 2396 1293 2434 13
1321 2397 1361 2435 et
1388 2395 1441 2434 26
1458 2407 1517 2446 sq.
