1618 2554
649 117 929 156 PRAEFATIO
1425 114 1480 152 IX

102 227 190 278 ipse
225 225 446 265 rectissime
486 225 712 271 statuisset,
749 234 830 261 non
868 221 1017 272 ubique
1053 222 1097 260 in
1134 220 1330 260 librorum
1361 219 1482 258 turba

104 285 251 327 veteris
281 284 588 336 interpolatoris
612 283 827 322 lectionem
858 283 1061 334 integram
1085 293 1295 333 apparere,
1320 280 1484 319 illorum
1543 280 1545 283 ’

105 347 213 388 8111111
242 354 433 398 magnam
469 346 628 396 partem
666 345 738 383 aut
774 343 955 382 novicias
986 343 1139 394 passim
1169 341 1369 380 Italorum
1399 351 1483 380 cor-

103 409 282 448 recturas
325 407 398 445 aut
437 405 617 458 singulas
655 403 820 444 Etrusci
860 403 1080 454 scripturas
1122 414 1375 453 quacumque
1415 401 1486 440 via

105 467 309 508 derivatas
339 467 383 506 in
415 477 457 505 se
487 466 695 517 recepisse,
722 477 813 504 cum
844 464 1000 504 interea
1029 464 1192 503 vetusta
1222 461 1484 513 interpolatio

106 527 277 568 subinde
313 529 543 578 temporum
579 526 731 565 iniuria
766 526 810 564 in
850 525 965 574 peius
998 523 1146 563 abierit
1177 517 1278 578 (Leo
1297 522 1331 572 Ι,
1356 536 1395 573 p.
1421 516 1484 576 1):

107 601 190 630 non
217 589 357 627 tamen
381 587 425 627 111
454 586 666 626 enotandis
697 586 816 625 huius
842 585 1038 625 librorum
1062 584 1219 637 generis
1244 582 1486 623 lectionibus

106 649 151 689 id
181 649 418 688 consecutus
450 650 523 698 est,
557 649 605 686 ut
642 647 814 697 antiqua
852 649 893 685 et
929 647 1090 699 integra
1121 657 1146 684 a
1183 644 1383 695 cormpfis
1420 643 1487 682 vel

108 709 292 750 consulto
322 708 581 760 postmodum
610 706 867 758 interpolatis
898 705 1072 746 discerni
1103 707 1145 745 et
1175 705 1357 756 separari
1388 704 1486 742 satis

109 771 294 810 accurate
322 770 497 820 possent.
548 767 661 814 Quae
686 780 777 807 cum
802 768 862 806 ita
888 769 1031 817 essent,
1055 765 1214 806 Pmnn
1244 767 1352 804 recte
1381 763 1486 803 iudi—

108 832 235 880 cavit,
271 831 420 870 iterum
456 828 624 869 edituris
663 827 839 868 Senecae
875 826 1126 879 tragoedias,
1164 828 1362 878 quantum
1399 824 1488 864 fieri

108 891 257 943 posset,
286 886 528 930 lectionibus
553 888 591 929 A
621 889 771 929 rectius
795 887 1087 930 constituendis
1116 899 1280 939 operam
1312 885 1489 924 dandam

108 945 250 1006 fore.*)
311 950 378 991 Ad
407 950 450 988 id
481 950 689 1002 negotium
718 950 826 990 recte
858 947 1147 989 conficiendum
1185 960 1268 998 qua
1298 947 1367 986 via
1397 958 1489 997 pro-

111 1011 376 1066 grediendum
402 1012 505 1051 esset
528 1011 572 1049 in
598 1010 880 1050 dissertatione
902 1010 1011 1049 infra
1030 1009 1342 1049 commemorata
1361 1007 1489 1045 fusius

111 1073 308 1125 exposuit.
370 1070 590 1123 Eligendus
622 1082 707 1110 esse
737 1071 930 1110 nimirum
958 1070 1067 1109 inter
1096 1068 1221 1109 libros
1252 1068 1337 1108 iam
1368 1067 1491 1107 colla·

111 1135 187 1183 tos,
212 1134 283 1183 qui
307 1134 440 1172 essent
463 1131 672 1182 purissimi
695 1131 876 1183 vulgaris
900 1130 1143 1170 recensionis
1168 1131 1291 1169 testes
1315 1149 1376 1156 -
1400 1127 1491 1167 vul-

115 1206 254 1246 garem
283 1205 357 1244 pro
388 1191 636 1243 interpolata
667 1203 812 1243 parum
848 1192 955 1230 recte
994 1190 1178 1242 appellat
1207 1210 1268 1217 -
1298 1201 1491 1240 quaeren-

112 1253 265 1304 dasque
302 1253 387 1292 eius
426 1252 583 1305 generis
614 1264 740 1292 novas
771 1252 920 1303 copias.
982 1251 1043 1290 Ac
1079 1250 1295 1303 reprobato
1333 1248 1491 1288 Laome

112 1313 263 1354 iudicio
294 1313 344 1353 de
374 1311 490 1352 libris
527 1313 570 1352 in
609 1310 782 1352 Octavia
819 1310 1101 1352 constituenda
1138 1310 1332 1351 adhibitis
1369 1309 1493 1360 edito,

115 1376 204 1427 ipse
233 1373 415 1426 palmam
445 1374 553 1413 inter
584 1385 720 1416 omnes
747 1385 917 1424 quorum
948 1372 1140 1412 lectiones
1171 1372 1394 1423 proposuit,
1426 1369 1493 1408 de·

112 1435 202 1476 beri
223 1434 328 1474 libro
352 1433 641 1475 Malatestiano
661 1428 728 1487 (D.
749 1434 799 1472 cf.
819 1433 901 1473 Leo
921 1432 964 1472 H
984 1433 1070 1472 339
1085 1427 1164 1486 sq.)
1190 1432 1318 1472 nimia
1349 1432 1494 1482 opinor

115 1495 263 1535 fiducia
304 1495 461 1534 statuit.
532 1493 633 1534 cum
672 1494 748 1534 hoc
789 1494 994 1534 artissimo
1035 1492 1288 1545 cognationis
1328 1491 1494 1530 vinculo

115 1556 326 1596 cohaerere
370 1555 470 1594 dicit
512 1553 838 1607 Rehdigeranum
885 1555 940 1594 10
991 1550 1117 1607 (nunc
1160 1553 1232 1593 lat.
1281 1546 1405 1606 118),
1450 1551 1494 1590 id

117 1616 224 1668 quod
261 1616 381 1656 certis
418 1615 660 1667 quibusdam
696 1614 858 1655 indiciis
893 1616 935 1655 et
974 1615 1223 1666 argumentis
1258 1612 1494 1653 confirmare

117 1676 264 1717 studet
314 1675 562 1717 Mentionem
593 1689 639 1717 eo
670 1676 760 1716 loco
791 1676 893 1715 facit
921 1675 1106 1716 Nmom
1131 1674 1334 1714 'samm
1358 1672 1495 1725 Angli,

118 1749 237 1789 quem
268 1735 443 1777 Senecae
466 1736 697 1789 tragoedias
730 1736 875 1787 amplis
901 1735 1200 1776 commentariis
1224 1734 1495 1774 illustravisse

118 1809 198 1838 uno
240 1796 345 1837 libro
383 1796 569 1837 adiutum
607 1799 775 1837 constat.
841 1791 920 1851 (Cf.
953 1795 1098 1847 Peiper
1128 1798 1166 1848 p'.
1189 1796 1214 1835 5
1229 1807 1303 1846 sq„
1334 1797 1376 1834 et
1406 1795 1494 1834 crit.

119 1859 376 1910 quaestiones
400 1870 511 1898 meas
530 1871 569 1909 p.
593 1860 644 1897 11
662 1853 741 1911 sq.)
785 1856 873 1897 Hoc
897 1856 1061 1908 quidem
1087 1856 1291 1907 exemplar
1316 1854 1496 1894 Gallicae

118 1919 243 1959 fuisse
279 1918 447 1970 originis
485 1920 623 1970 eisque
659 1918 774 1957 libris
812 1917 951 1957 eadem
987 1916 1124 1957 Gallia
1160 1915 1353 1966 oriundis,
1390 1914 1496 1954 unde

118 1979 319 2031 florilegia
350 1978 550 2030 quaedam
581 1981 623 2017 et
653 1978 815 2031 eclogae
846 1978 1148 2030 tragoediarum
1179 1977 1400 2016 sententias
1433 1988 1497 2015 ex-

121 2042 277 2091 cerptas
307 2039 514 2090 praebent,
545 2041 773 2092 cognatum.
835 2037 921 2078 Iam
959 2038 1087 2091 igitur
1116 2038 1193 2078 1100
1224 2038 1351 2076 statui
1380 2048 1498 2088 posse

122 2101 273 2139 censet:
317 2095 467 2140 ‘multo
506 2102 600 2140 ante
637 2111 667 2139 s.
700 2098 803 2139 ΧΠΙ
839 2098 941 2139 med.
979 2098 1283 2151 tragoediarum
1321 2096 1499 2136 codicem

123 2160 299 2210 aliquem
325 2172 371 2199 ex
396 2159 520 2200 Italia
551 2161 593 2199 in
619 2158 793 2199 Galliam
818 2159 1065 2199 translatum
1090 2171 1175 2198 esse
1199 2158 1337 2208 ibique
1363 2157 1499 2196 arche·

218 2263 251 2319 ¹⁸>
274 2262 319 2299 R.
339 2262 487 2310 Peiper‚
512 2261 569 2299 De
588 2261 754 2299 Senecae
773 2262 1059 2309 tragoediarum
1084 2260 1234 2309 vulgari
1252 2260 1419 2296 lectione
1438 2259 1498 2306 (A)

124 2310 402 2348 constituenda.
419 2309 738 2348 Sonderabdruck
751 2321 819 2346 aue
841 2311 908 2346 der
919 2308 1148 2346 Festschrift
1165 2321 1231 2345 zur
1245 2308 1500 2355 250jahrigen

124 2357 334 2396 Jubelfeier
353 2359 420 2395 des
440 2359 708 2406 Gymnasiums
728 2370 773 2394 zu
794 2358 846 2395 St.
867 2357 994 2395 Maria
1011 2357 1245 2406 Magdalena
1264 2368 1310 2392 zu
1329 2356 1498 2392 Breslau.

124 2406 284 2444 Breslau
311 2411 413 2443 1893.
440 2420 477 2454 p.
497 2411 530 2444 3.
