1618 2554
151 122 246 167 400
594 121 636 157 L.
656 120 848 157 ΑΝΝΑΕΙ
873 120 1095 158 SENECAE

371 231 510 263 NVTR.
542 217 698 263 Omina
730 233 891 275 quaeso
923 219 1011 264 sint
1041 219 1126 263 ista
1156 220 1322 277 procul.
1462 231 1511 266 80

372 291 475 323 OOT.
506 278 611 323 Non
641 281 743 323 vota
774 293 894 322 meos
924 282 1001 323 tua.
1031 294 1149 324 1111110
1180 294 1323 337 casus,

373 339 447 384 sed
476 340 567 383 fata
598 342 765 396 regunt.
1010 396 1014 400 ῃ

371 411 510 442 Nv'rR.
541 398 676 442 Dabit
706 399 895 442 afflictae
926 400 1107 443 meliora
1138 400 1244 444 deus

371 463 568 516 tempora
599 460 735 515 mitis3
767 462 817 503 tu
848 459 978 503 modo
1012 460 1172 504 blando

372 520 496 563 vince
528 520 737 575 obsequio
769 521 940 576 placata
972 521 1114 563 virum
1462 533 1510 566 85

374 591 477 623 oc'r.
508 578 692 623 Vincam
725 572 875 623 saevos
906 583 1006 624 ante
1037 581 1184 625 leones

371 640 590 697 tigresque
621 643 781 695 truces,

370 700 462 743 fera
494 714 625 755 quam
657 701 773 743 saevi
805 700 935 743 corda
965 701 1150 757 tyranni.

373 760 464 803 odit
493 760 664 817 genitos
696 760 905 817 sanguine
937 761 1054 804 01010
1061 795 1074 817 ‚

372 820 537 876 spernit
567 834 746 876 superos
777 820 1063 877 hominesque
1095 822 1244 878 simul,
1426 859 1428 862 ,
1461 834 1509 867 90

371 894 451 923 neo
481 880 702 923 fortunam
735 882 852 937 capit
882 881 975 937 ipse
1007 896 1130 925 suam

373 955 503 995 quam
535 940 653 985 dedit
683 941 749 984 illi
780 956 857 997 per
889 941 1029 985 scelus
1059 942 1215 999 ingens
1246 952 1267 966 s

373 1000 550 1043 infanda
581 1015 746 1056 parens.
809 1002 911 1045 licet
943 1002 1163 1059 ingratum

373 1059 489 1103 dirae
521 1061 681 1116 pudeat
712 1076 889 1104 munere
921 1063 1072 1106 matris

370 1120 454 1163 hoc
485 1121 715 1177 imperium
748 1122 930 1178 cepisse,
960 1123 1064 1166 licet
1462 1133 1508 1167 95

370 1183 541 1223 tantum
573 1196 730 1224 munus
762 1185 902 1225 morte
933 1183 1159 1239 rependat,

370 1240 480 1283 feret
509 1240 626 1284 1111110
656 1242 834 1285 titulum
866 1246 967 1299 post
996 1243 1088 1286 fata
1118 1246 1266 1287 tamen

370 1300 531 1343 femina
561 1302 694 1359 longo
728 1317 897 1359 semper
928 1304 975 1346 in
1005 1318 1124 1347 aevo.

371 1372 509 1403 NVTR.
541 1360 691 1405 Animi
721 1363 858 1406 retine
890 1364 1022 1407 verba
1053 1363 1255 1419 furentis,

371 1423 530 1464 temere
563 1422 761 1465 emissam
795 1424 1032 1480 comprime
1063 1439 1226 1468 vocem.
1461 1427 1527 1464 99⁵

157 1563 258 1594 OCT.
277 1551 516 1595 Toleranda
530 1555 725 1608 quamvis
740 1556 892 1610 patiar,
905 1554 1023 1599 haud
1035 1570 1243 1612 umquam
1258 1559 1419 1612 queant
1428 1567 1509 1614 ,100

157 1612 241 1654 nisi
273 1614 411 1654 morte
443 1613 558 1655 tristi
588 1616 736 1657 nostra
767 1616 884 1658 finiri
915 1616 1040 1659 mala.

155 1671 371 1728 genetrice
403 1687 543 1727 caesa,
575 1689 651 1729 per
682 1674 820 1718 scelus
852 1679 978 1732 rapto
1011 1680 1153 1733 patre,
1214 1705 1222 1709 κ

156 1732 308 1774 orbata
338 1732 488 1788 fratre,
520 1734 704 1777 miseriis
734 1736 856 1779 luctu
890 1737 1064 1792 obruta,

155 1806 348 1834 maerore
378 1807 542 1848 pressa,
574 1795 749 1851 coniugi
781 1796 920 1839 invisa
951 1811 1002 1840 ac
1033 1811 1154 1840 meae

156 1852 348 1894 subiecta
378 1852 566 1895 famulae
596 1855 693 1897 luce
724 1870 814 1898 non
844 1859 968 1913 grata
998 1857 1132 1912 fruor,
1439 1867 1507 1900 105

154 1912 397 1968 trepidante
429 1927 598 1968 semper
629 1915 756 1958 corde
787 1930 876 1958 non
907 1917 1060 1960 mortis
1091 1919 1230 1972 metu,

155 1971 229 2014 sed
262 1973 433 2014 sceleris
459 1997 516 2003 —
543 1973 657 2016 absit
687 1975 850 2018 crimen
880 1991 906 2018 a
936 1976 1038 2020 fatis
1070 1977 1195 2032 meis,

155 2032 265 2074 mori
297 2032 481 2088 iuvabit3
511 2048 651 2088 poena
683 2050 783 2078 nam
815 2038 989 2093 gravior
1019 2050 1123 2080 nece
1156 2040 1221 2080 est

252 2200 299 2232 82
342 2197 408 2232 sed
445 2199 534 2233 vota
576 2199 631 2234 vel
668 2199 735 2235 sed
772 2211 857 2236 mea
893 2204 982 2238 vota
1025 2211 1062 2246 ψ
1099 2205 1112 2249 ΙΙ
1150 2206 1197 2239 86
1228 2215 1260 2238 v.
1293 2202 1417 2239 fulvos
1451 2210 1489 2247 ψ
1514 2203 1526 2248 ΙΙ

155 2248 202 2280 90
227 2245 408 2292 superbos
428 2246 665 2291 humilesque
685 2251 715 2282 Δ
740 2259 830 2285 corr.
852 2250 981 2287 Debrio
1001 2252 1013 2297 ss
1031 2254 1098 2286 100
1123 2251 1341 2287 inscribitur
1359 2261 1524 2287 orrum.

154 2306 286 2329 nv‘rmx
310 2300 348 2337 ψ
371 2295 376 2339 l
399 2294 553 2338 quaevis
578 2296 622 2330 ci.
643 2296 816 2341 Lipsius,
848 2298 1033 2343 t.quaevis
1065 2301 1216 2345 paterer
1247 2300 1289 2335 at
1318 2308 1524 2344 numquam

154 2342 300 2386 queunt
321 2342 490 2386 &onom
516 2347 554 2378 at
573 2343 619 2387 cf.
641 2344 717 2379 Leo
733 2356 772 2390 p.
787 2347 862 2381 385
881 2347 893 2390 ΙΙ
912 2349 976 2381 108
1003 2357 1127 2392 poena
1152 2358 1253 2383 nunc
1278 2354 1315 2391 ψ
1342 2347 1387 2392 cf.
1404 2346 1524 2393 praef.

154 2390 177 2425 l.
204 2401 241 2426 η.
267 2401 302 2436 p.
324 2389 401 2425 iam
428 2390 560 2436 Peiper
