1618 2554
655 108 934 147 PRAEFATIO
1378 107 1484 145 XXV

108 230 135 258 v
172 216 287 256 2671
322 214 549 267 exemplum
579 216 620 254 et
651 212 823 254 Senecae
856 212 979 252 dabo:

181 274 328 316 Thebis
340 275 451 316 laeta
463 274 548 314 dies
561 273 694 324 adest3
713 267 783 328 (cf.
799 268 937 328 2785)
952 267 1063 325 [Seu.
1077 271 1193 312 Herc.
1202 271 1222 310 I
1237 267 1484 324 875-877]

181 349 295 377 aram
325 336 484 388 tangite
515 334 727 387 supplices,

180 398 350 450 pingues
381 395 536 436 caedite
567 394 764 435 victimas.

109 458 158 498 cf.
187 456 419 498 Lachmann
445 470 483 508 p.
503 455 594 508 XII,
627 454 671 495 L.
697 455 846 494 Miffler
879 467 917 506 p.
938 454 1039 499 415,
1072 452 1217 505 Peiper
1240 453 1367 504 praef.
1394 465 1486 504 sup-

107 519 228 571 plem.
258 531 297 570 p.
325 518 351 557 3

201 579 238 618 3.
271 577 455 618 Auctor
487 577 747 617 Tractatus
780 575 834 616 de
859 575 1052 615 ultimis
1079 573 1288 625 syllabis
1320 573 1486 613 Valerio

108 638 240 679 Pr0bo
270 641 420 678 temere
451 637 646 689 adscripti
677 630 763 691 (Gr.
784 635 828 676 L.
849 634 909 675 IV
929 636 1029 686 224,
1051 636 1105 674 22
1138 629 1226 689 K.):

205 698 355 739 Seneca
379 699 422 737 in
442 697 608 738 Hecuba
629 692 837 751 [accuba]:
870 696 1112 748 quicumque
1136 695 1286 746 hymen
1304 694 1486 734 funestus

109 758 356 800 inlaetabilis
388 754 498 812 [Son.
526 757 702 800 Troades
729 752 836 811 861]

201 819 356 860 Ibidem
386 818 485 869 246,
513 819 588 859 19:
626 819 667 858 et
700 817 851 858 Seneca
880 818 925 856 in
955 815 1123 857 Hecuba
1152 815 1488 866 hendecasyllabo

111 881 303 933 sapphico
327 892 463 920 versu:
495 878 618 919 Ilium
644 880 705 919 est
723 879 809 918 illic
834 877 906 918 ubi
930 877 1067 917 fumus
1093 877 1174 918 alte
1197 872 1309 931 [Tro.
1339 871 1487 928 1053]

202 942 240 981 4.
262 939 517 981 Diomedes
542 941 615 979 art.
637 941 850 992 grammat.
870 939 896 977 1.
916 938 980 977 III
1000 932 1122 993 (511,
1144 939 1211 979 23.
1234 939 1289 977 29
1319 936 1367 976 of.
1389 937 1489 986 517,

170 997 189 1056 )
264 1061 568 1112 anapaesticum
599 1060 803 1100 choi-icum
833 1058 1027 1099 habemus
1058 1059 1103 1100 in
1134 1057 1302 1099 Seneca:

231 1151 235 1154 -
354 1120 486 1161 audax
516 1121 686 1161 nimium
721 1121 792 1172 qui
822 1120 928 1162 freta
958 1119 1113 1173 primus
1145 1115 1269 1174 [Med.
1290 1113 1409 1170 301]

205 1183 243 1221 5.
271 1180 432 1221 Servii
463 1180 618 1222 codices
642 1181 908 1221 recentissimi
933 1179 986 1220 ad
1012 1179 1131 1232 Verg.
1157 1179 1256 1218 Aen.
1278 1178 1364 1218 ΧΠ
1385 1178 1490 1218 395:

113 1244 155 1282 et
186 1241 342 1282 Statius
373 1237 445 1295 [al.
480 1237 649 1294 Seneca]
681 1242 724 1281 in
755 1240 897 1281 Theb.:

365 1303 423 1342 ite
453 1302 556 1341 ferte
587 1301 780 1353 depositis
812 1314 930 1353 opem
962 1296 1080 1354 [Oed.
1102 1296 1250 1352 1057]

113 1361 224 1410 Quae
256 1362 308 1403 ad
338 1361 386 1401 A.
406 1361 450 1402 Π
469 1362 556 1402 354
588 1362 780 1415 leguntur
812 1363 907 1414 post
937 1360 1046 1402 Stati
1078 1360 1149 1401 Th.
1170 1360 1206 1399 X
1232 1360 1319 1399 493
1348 1354 1485 1414 (Kohl-

113 1417 273 1477 mann)=
307 1420 426 1463 ‘Item
445 1423 592 1462 scimus
611 1424 783 1463 mortem
804 1422 1055 1474 captivitatis
1076 1434 1159 1461 esse
1181 1416 1417 1460 remedium'
1445 1432 1492 1459 ex

114 1484 213 1525 locis
238 1483 540 1536 tragoediarum
565 1482 728 1524 sublata
751 1482 944 1534 Peiperus
970 1483 1209 1534 suspicatur,
1230 1481 1371 1532 quales
1397 1481 1493 1520 sunt

115 1545 180 1584 Tr.
210 1542 294 1583 143
326 1543 402 1596 Ag.
431 1544 516 1584 592
553 1544 649 1584 797.
707 1542 820 1584 Idem
852 1555 955 1594 quae
986 1543 1030 1582 in
1062 1543 1297 1582 centimetro
1329 1553 1360 1581 c.
1380 1540 1444 1580 III
1466 1543 1488 1579 1

114 1607 155 1646 et
188 1605 214 1643 4
247 1605 288 1644 et
321 1605 375 1644 17
416 1603 553 1644 adonii
590 1603 781 1644 alcmanii
817 1604 1043 1644 stesichorii
1079 1603 1272 1654 proponit
1309 1601 1493 1652 exempla

113 1665 214 1705 haec
245 1661 441 1704 ‘Fundite
471 1656 625 1715 fletus',
657 1660 837 1705 ‘tundite
867 1666 1031 1716 pectora
1062 1662 1209 1715 palmis
1218 1659 1243 1714 ⁹,
1276 1658 1492 1701 ‘Aeacides

116 1725 272 1765 iuvenis
297 1724 427 1765 trahit
444 1723 639 1775 Hectora3
664 1725 847 1777 plangite
871 1726 1036 1777 pectora
1055 1720 1199 1763 'troes’
1226 1736 1274 1762 ex
1299 1723 1365 1762 Tr.
1388 1722 1493 1762 131:

116 1781 301 1826 ‘Priamo
338 1786 492 1826 vestros
530 1784 687 1826 fundite
720 1780 859 1826 fletus’
892 1779 962 1839 (cf.
984 1784 1073 1824 Seu.
1095 1783 1247 1835 apocol.
1268 1783 1347 1822 XII
1370 1776 1414 1836 1)
1453 1784 1495 1822 et

118 1847 223 1886 114:
274 1841 447 1886 ‘saevite
471 1858 627 1896 manus,
662 1846 784 1898 pulsu
822 1847 939 1886 vasto
976 1844 1135 1884 tundite
1159 1840 1315 1896 pectus’
1348 1846 1389 1883 et
1418 1843 1493 1882 64:

117 1902 250 1946 ‘ferite
280 1905 428 1957 palmis
458 1902 647 1957 pectora'
675 1906 851 1957 repetita
882 1904 1081 1945 videntur.

209 1967 247 2006 6.
278 1965 604 2017 Hieronymus
634 1965 734 2006 Vita
758 1965 805 2006 B.
830 1965 982 2006 Malchi
1008 1960 1087 2020 (ep.
1108 1964 1197 2015 LII,
1229 1964 1289 2004 ed.
1315 1962 1495 2003 Vallarsi

115 2028 145 2066 t.
166 2022 246 2082 11):
279 2025 324 2066 Si
354 2027 470 2068 iuvat
498 2027 664 2071 miseros
697 2026 894 2077 dominus,
927 2025 1120 2066 habemus
1151 2025 1334 2065 salutem:
1368 2025 1403 2063 si
1427 2023 1495 2063 de-

118 2087 240 2139 spicit
268 2088 510 2139 peccatores,
540 2085 733 2128 habemus
764 2087 988 2137 sepulcrum
1026 2081 1093 2140 (cf.
1128 2086 1243 2137 epist.
1277 2085 1329 2125 ad
1360 2084 1491 2123 Princ.

118 2142 200 2200 [ep.
227 2145 426 2200 CXXVII,
450 2146 598 2187 Va11.1
619 2143 744 2200 960]:
777 2159 948 2198 cumque
973 2148 1013 2187 et
1044 2147 1158 2186 illam
1185 2148 1225 2186 et
1249 2148 1290 2185 te
1317 2145 1369 2185 ad
1396 2156 1496 2196 apo·

119 2207 214 2247 stoli
250 2207 367 2248 Pauli
403 2207 613 2248 basilicam
650 2207 815 2248 barbari
849 2207 1123 2254 deduxissent,
1154 2207 1201 2245 ut
1233 2205 1298 2246 vel
1328 2205 1496 2245 salutem

119 2267 233 2309 vobis
264 2267 520 2310 ostenderent
549 2268 615 2308 vel
646 2263 899 2322 sepulcr-zm).
950 2267 999 2306 In
1030 2268 1093 2306 his
1124 2279 1205 2306 non
1238 2267 1300 2306 est
1328 2265 1497 2304 dubium

119 2328 218 2378 quin
249 2328 313 2367 vir
343 2330 505 2368 sanctus
540 2330 635 2368 ante
666 2328 802 2369 oculos
833 2327 1022 2368 habuerit
1053 2327 1143 2367 Tro.
1173 2327 1281 2366 51οε
1320 2323 1431 2365 “fata
1461 2324 1497 2364 si

118 2387 284 2429 miseros
326 2388 488 2438 iuvant,
530 2387 653 2428 habes
702 2389 886 2438 salutemg
936 2388 1023 2427 fata
1073 2388 1107 2427 si
1157 2388 1285 2427 vitam
1334 2386 1498 2438 negant,
