1618 2554
142 124 228 168 124
578 119 618 155 L.
639 116 831 154 ANNAEI
856 113 1078 152 SENECAE

137 226 188 266 ut
217 221 321 278 fuit‚'
351 219 499 276 Iason3
531 218 568 261 si
599 218 762 271 minus,
793 215 912 258 vivat
944 218 1090 258 tamen

139 296 391 338 memorque
422 279 561 323 nostri
592 277 784 320 muneris
816 277 967 332 parcat
996 273 1118 316 mihi.

139 343 269 399 culpa
299 344 366 385 est
398 339 594 384 Creontis
626 341 736 393 tota,
769 337 845 392 qui
877 338 1048 392 sceptro
1081 335 1300 390 impotens

140 402 344 460 coniugia
374 401 505 445 solvit
536 399 697 455 quique
729 396 991 454 genetricem
1024 393 1238 438 abstrahit

141 463 285 521 gnatis
317 465 360 505 et
392 464 484 504 arto
517 460 699 517 pignore
732 458 955 501 astrictam
986 455 1118 499 fidem
1447 464 1516 498 145

142 523 323 566 dirimit:
355 524 529 578 petatur
560 520 679 563 solus
709 519 801 574 hic,
832 532 995 575 poenas
1026 517 1120 560 luat

142 598 249 640 quas
282 583 420 633 debet.
481 582 570 624 alto
602 581 744 624 cinere
777 578 1008 623 cumulabo
1041 576 1239 632 domum3

97 696 103 701 .
142 643 308 687 videbit
339 645 481 686 atrum
512 641 719 685 verticem
749 639 937 683 flammis
970 638 1043 696 agi

142 703 283 747 Malea
312 704 466 761 longas
497 701 682 745 navibus
715 700 893 743 flectens
925 713 1080 742 moras.

141 776 280 808 NVTR.
315 762 423 818 Sile,
455 763 653 818 obsecro,
686 764 950 818 questusque
983 761 1148 802 secreto
1181 756 1353 802 abditos
1450 766 1518 801 150

143 824 301 868 manda
331 823 482 867 dolori.
546 823 695 882 gravia
727 821 925 878 quisquis
957 820 1138 863 vulnera

143 885 334 941 patiente
367 887 410 927 et
441 898 578 939 aequo
611 885 758 926 mutus
790 882 936 925 am'mo
969 880 1168 938 pertulit,

143 946 299 988 referre
331 945 492 1002 potuit:
525 944 589 987 ira
621 958 731 999 quae
762 943 928 1000 tegitur
957 944 1105 998 nocet3

144 1006 339 1062 professa
369 1004 556 1062 perdunt
588 1004 687 1047 odia
717 1002 935 1047 vindictae
966 1002 1125 1045 locum.

145 1077 257 1109 MED.
288 1064 416 1109 Levis
449 1068 514 1108 est
546 1065 670 1108 dolor
702 1064 778 1120 qui
803 1078 956 1120 capere
982 1061 1215 1106 consilium
1242 1063 1393 1118 potest·
1452 1070 1520 1102 155

145 1129 188 1169 et
219 1127 386 1182 clepere
418 1140 529 1169 sese:
560 1140 720 1182 magna
750 1139 840 1168 non
870 1124 1048 1167 latitant
1078 1123 1204 1166 mala.

144 1186 253 1230 libet
283 1187 345 1230 ire
377 1189 538 1229 contra.
600 1197 741 1229 NVTR.
775 1184 889 1228 Siste
921 1185 1124 1228 furialem
1155 1184 1388 1240 impetum,

145 1246 337 1290 alumna:
369 1247 443 1290 vix
474 1249 517 1290 te
548 1246 683 1289 tacita
714 1245 907 1289 defendit
939 1245 1073 1301 quies.

146 1318 259 1350 MED.
291 1306 485 1351 Fortuna
514 1308 650 1350 fortes
681 1307 856 1362 metuit,
887 1306 1070 1364 ignavos
1102 1304 1274 1361 premit.

145 1378 285 1411 NVTR.
316 1366 438 1410 Tunc
470 1370 535 1410 est
566 1367 807 1424 probanda,
839 1366 877 1409 si
907 1367 1054 1409 locum
1080 1366 1219 1409 virtus
1244 1363 1389 1407 habet.
1454 1373 1523 1406 160

147 1439 260 1470 ΜΕΙ).
290 1426 543 1483 Numquam
575 1430 721 1485 potest
750 1442 841 1471 non
872 1442 965 1470 esse
996 1426 1150 1470 virtuti
1180 1426 1316 1469 locus.

145 1499 286 1530 NVTR.
320 1485 427 1543 Spes
458 1488 580 1531 nulla
609 1488 739 1531 rebus
772 1490 987 1530 monstrat
1018 1487 1204 1530 adflictis
1236 1486 1364 1529 viam.

147 1559 260 1589 MED.
292 1546 376 1598 Qui
407 1548 471 1591 nil
502 1551 647 1604 potest
679 1563 868 1604 sperare,
901 1548 1100 1604 desperet
1129 1546 1253 1590 nihil.

146 1619 286 1650 NVTR.
318 1606 477 1651 Abiere
509 1607 681 1663 Colchi,
716 1609 915 1666 coniugis
946 1609 1069 1652 nulla¹
1100 1610 1166 1651 est
1197 1607 1305 1651 fides

146 1667 346 1724 nihilque
378 1672 575 1725 superest
606 1669 764 1725 opibus
796 1685 819 1712 e
850 1669 985 1712 tantis
1016 1668 1112 1712 tibi.
1455 1675 1524 1709 165

146 1739 261 1770 MED.
294 1727 445 1771 Medea
477 1732 692 1785 superest,
723 1729 796 1772 hic
826 1745 945 1772 mare
978 1732 1021 1772 et
1051 1732 1188 1772 terras
1220 1732 1342 1771 vades

147 1788 397 1844 ferrumque
429 1792 473 1832 et
503 1789 626 1846 ignes
659 1792 703 1832 et
733 1790 836 1833 deos
869 1793 912 1833 et
942 1790 1139 1833 fulmina.

147 1860 288 1891 NVTR.
313 1848 409 1892 Rex
435 1851 501 1892 est
525 1848 755 1893 timendus.
812 1862 925 1893 MED.
952 1850 1048 1893 Rex
1073 1864 1197 1893 meus
1222 1849 1366 1892 fuerat
1390 1850 1525 1904 pater.

147 1920 288 1951 NVTR.
320 1906 424 1952 Non
454 1911 612 1952 metuis
645 1911 793 1953 arma?
849 1922 964 1953 MED.
997 1909 1095 1953 Sint
1122 1910 1227 1954 licet
1257 1911 1374 1952 terra
1398 1907 1525 1952 edita.

148 1981 290 2012 NVTR.
308 1968 506 2012 Moriere.
551 1982 664 2013 MED.
686 1967 838 2027 Cupio.
882 1982 1022 2013 NVTR.
1044 1970 1246 2028 Profuge.
1288 1981 1403 2013 MED.
1422 1967 1526 2012 Pae-

1078 2032 1211 2074 nituit
1241 2031 1384 2088 fugae.
1457 2039 1528 2073 1ῖο

151 2181 163 2187 κ
219 2207 227 2214 ·
245 2163 312 2194 142
338 2159 485 2196 muneri
511 2163 542 2194 A
566 2172 615 2196 m,
637 2161 757 2196 nostri
783 2173 831 2197 m.
853 2172 1009 2207 parcam
1033 2172 1118 2197 meo
1141 2161 1291 2198 Gronov
1319 2173 1368 2197 m.
1388 2172 1425 2196 n.
1445 2159 1528 2196 vu}-

148 2217 230 2243 nen
261 2220 298 2254 p.
325 2220 373 2243 m.
403 2208 459 2244 M.
488 2209 632 2245 Mu'ller
666 2221 702 2255 p.
729 2212 776 2245 21
814 2211 818 2255 Ι
852 2219 937 2245 meo
969 2221 1007 2246 ω
1038 2221 1130 2246 corr.
1158 2209 1311 2246 Richter
1341 2208 1389 2253 cf.
1416 2210 1490 2246 435

148 2258 216 2291 144
241 2256 466 2302 genitricem
491 2260 520 2292 E
551 2259 563 2303 ΙΙ
594 2260 661 2292 152
685 2259 812 2293 motus
837 2261 868 2292 Δ
892 2259 905 2304 η
935 2261 1003 2292 154
1027 2257 1194 2304 produnt
1218 2259 1280 2294 ecl.
1302 2257 1425 2304 Luqd.
1451 2263 1491 2300 ψ

149 2306 216 2340 156
241 2315 309 2340 om.
329 2305 402 2340 Δ(τ)
429 2308 519 2350 (exc.
540 2308 572 2339 B
591 2308 656 2350 10)
682 2305 750 2341 del.
772 2307 930 2352 Bentley
949 2307 961 2352 ΙΙ
979 2309 1045 2342 163
1071 2305 1138 2351 qui
1163 2305 1284 2341 nichil
1308 2310 1337 2341 Ε
1356 2308 1369 2352 η
1388 2309 1472 2342 168⁸
1495 2308 1530 2341 et

141 2352 236 2388 '172¹’
261 2353 423 2400 singulis
452 2354 617 2390 versibus
646 2354 796 2400 scripti,
828 2354 1065 2389 lev-172²
1095 2359 1130 2390 et
1153 2357 1219 2390 17³
1244 2355 1317 2398 sic,
1348 2358 1392 2391 ut
1423 2354 1529 2392 binos

150 2402 403 2448 tonusquisque
427 2413 553 2438 versus
576 2402 709 2438 habeat
732 2413 913 2440 sermones
938 2406 965 2437 Ε
985 2404 997 2449 ῃ
1016 2406 1083 2438 170
1108 2402 1198 2449 fuge
1224 2405 1255 2438 Δ
