<?xml version="1.0" encoding="UTF-8"?>
<!DOCTYPE html PUBLIC "-//W3C//DTD XHTML 1.0 Transitional//EN"
    "http://www.w3.org/TR/xhtml1/DTD/xhtml1-transitional.dtd">
<html xmlns="http://www.w3.org/1999/xhtml" xml:lang="en" lang="en">
 <head>
  <title>
</title>
<meta http-equiv="Content-Type" content="text/html;charset=utf-8" />
  <meta name='ocr-system' content='tesseract 3.04.00' />
  <meta name='ocr-capabilities' content='ocr_page ocr_carea ocr_par ocr_line ocrx_word'/>
</head>
<body>
  <div class='ocr_page' id='page_1' title='image "./tragoediaerecens00seneuoft_0052.png"; bbox 0 0 1618 2554; ppageno 0'>
   <div class='ocr_carea' id='block_1_1' title="bbox 132 115 1065 165">
    <p class='ocr_par' dir='ltr' id='par_1_1' title="bbox 132 115 1065 165">
     <span class='ocr_line' id='line_1_1' title="bbox 132 115 1065 165; baseline -0.005 -9"><span class='ocrx_word' id='word_1_1' title='bbox 132 123 159 165; x_wconf 84' lang='lat'>6</span> <span class='ocrx_word' id='word_1_2' title='bbox 565 119 603 154; x_wconf 88' lang='lat' dir='ltr'><strong>L.</strong></span> <span class='ocrx_word' id='word_1_3' title='bbox 626 117 817 154; x_wconf 79' lang='lat' dir='ltr'>ANNAEI</span> <span class='ocrx_word' id='word_1_4' title='bbox 843 115 1065 153; x_wconf 76' lang='lat' dir='ltr'>SENECAE</span> 
     </span>
    </p>
   </div>
   <div class='ocr_carea' id='block_1_2' title="bbox 115 217 1507 1363">
    <p class='ocr_par' dir='ltr' id='par_1_2' title="bbox 132 217 1503 338">
     <span class='ocr_line' id='line_1_2' title="bbox 132 217 1503 276; baseline -0.004 -13"><span class='ocrx_word' id='word_1_5' title='bbox 132 221 302 276; x_wconf 78' lang='lat' dir='ltr'><strong>emitte,</strong></span> <span class='ocrx_word' id='word_1_6' title='bbox 334 218 470 263; x_wconf 86' lang='lat' dir='ltr'><strong>Siculi</strong></span> <span class='ocrx_word' id='word_1_7' title='bbox 501 218 673 261; x_wconf 85' lang='lat' dir='ltr'><strong>verticis</strong></span> <span class='ocrx_word' id='word_1_8' title='bbox 704 217 804 260; x_wconf 82' lang='lat' dir='ltr'><strong>laxa</strong></span> <span class='ocrx_word' id='word_1_9' title='bbox 837 230 1030 273; x_wconf 81' lang='lat' dir='ltr'><strong>specum,</strong></span> <span class='ocrx_word' id='word_1_10' title='bbox 1456 225 1503 258; x_wconf 88' lang='grc' dir='ltr'><strong>8ο</strong></span> 
     </span>
     <span class='ocr_line' id='line_1_3' title="bbox 132 278 1067 338; baseline -0.007 -13"><span class='ocrx_word' id='word_1_11' title='bbox 132 281 261 325; x_wconf 82' lang='lat' dir='ltr'><strong>tellus</strong></span> <span class='ocrx_word' id='word_1_12' title='bbox 294 281 470 338; x_wconf 87' lang='lat' dir='ltr'><strong>gigante</strong></span> <span class='ocrx_word' id='word_1_13' title='bbox 502 278 631 321; x_wconf 91' lang='lat' dir='ltr'><strong>Doris</strong></span> <span class='ocrx_word' id='word_1_14' title='bbox 664 292 843 321; x_wconf 84' lang='lat' dir='ltr'><strong>excusso</strong></span> <span class='ocrx_word' id='word_1_15' title='bbox 879 279 1067 320; x_wconf 88' lang='lat' dir='ltr'><strong>tremens</strong></span> 
     </span>
    </p>

    <p class='ocr_par' dir='ltr' id='par_1_3' title="bbox 132 337 1157 398">
     <span class='ocr_line' id='line_1_4' title="bbox 132 337 1157 398; baseline -0.006 -13"><span class='ocrx_word' id='word_1_16' title='bbox 132 342 358 398; x_wconf 84' lang='lat' dir='ltr'><strong>supposita</strong></span> <span class='ocrx_word' id='word_1_17' title='bbox 387 339 571 383; x_wconf 85' lang='lat' dir='ltr'><strong>monstri</strong></span> <span class='ocrx_word' id='word_1_18' title='bbox 604 338 715 382; x_wconf 86' lang='lat' dir='ltr'><strong>colla</strong></span> <span class='ocrx_word' id='word_1_19' title='bbox 746 337 923 381; x_wconf 85' lang='lat' dir='ltr'><strong>terrifici</strong></span> <span class='ocrx_word' id='word_1_20' title='bbox 953 338 1070 380; x_wconf 87' lang='lat' dir='ltr'><strong>levet</strong></span> <span class='ocrx_word' id='word_1_21' title='bbox 1100 362 1157 367; x_wconf 85' lang='lat'>-</span> 
     </span>
    </p>

    <p class='ocr_par' dir='ltr' id='par_1_4' title="bbox 134 397 1054 459">
     <span class='ocr_line' id='line_1_5' title="bbox 134 397 1054 459; baseline -0.005 -14"><span class='ocrx_word' id='word_1_22' title='bbox 134 401 351 459; x_wconf 87' lang='lat' dir='ltr'><strong>[sublimis</strong></span> <span class='ocrx_word' id='word_1_23' title='bbox 383 400 490 444; x_wconf 85' lang='lat' dir='ltr'><strong>alias</strong></span> <span class='ocrx_word' id='word_1_24' title='bbox 521 399 645 442; x_wconf 84' lang='lat' dir='ltr'><strong>Luna</strong></span> <span class='ocrx_word' id='word_1_25' title='bbox 677 398 894 454; x_wconf 70' lang='lat' dir='ltr'>concipiat</span> <span class='ocrx_word' id='word_1_26' title='bbox 924 397 1054 454; x_wconf 87' lang='lat' dir='ltr'><strong>feras]</strong></span> 
     </span>
    </p>

    <p class='ocr_par' dir='ltr' id='par_1_5' title="bbox 130 458 1126 516">
     <span class='ocr_line' id='line_1_6' title="bbox 130 458 1126 516; baseline -0.006 -10"><span class='ocrx_word' id='word_1_27' title='bbox 130 462 210 506; x_wconf 76' lang='lat' dir='ltr'><strong>sed</strong></span> <span class='ocrx_word' id='word_1_28' title='bbox 239 462 344 505; x_wconf 83' lang='lat' dir='ltr'><strong>vicit</strong></span> <span class='ocrx_word' id='word_1_29' title='bbox 376 462 471 504; x_wconf 86' lang='lat' dir='ltr'><strong>ista.</strong></span> <span class='ocrx_word' id='word_1_30' title='bbox 536 459 705 516; x_wconf 85' lang='lat' dir='ltr'><strong>quaeris</strong></span> <span class='ocrx_word' id='word_1_31' title='bbox 738 458 916 502; x_wconf 86' lang='lat' dir='ltr'><strong>Alcidae</strong></span> <span class='ocrx_word' id='word_1_32' title='bbox 947 459 1126 515; x_wconf 83' lang='lat' dir='ltr'><strong>parem?</strong></span> 
     </span>
    </p>

    <p class='ocr_par' dir='ltr' id='par_1_6' title="bbox 133 519 1504 626">
     <span class='ocr_line' id='line_1_7' title="bbox 134 519 1504 577; baseline -0.005 -11"><span class='ocrx_word' id='word_1_33' title='bbox 134 537 260 566; x_wconf 85' lang='lat' dir='ltr'><strong>nemo</strong></span> <span class='ocrx_word' id='word_1_34' title='bbox 293 525 359 565; x_wconf 85' lang='lat' dir='ltr'><strong>est</strong></span> <span class='ocrx_word' id='word_1_35' title='bbox 389 521 474 564; x_wconf 84' lang='lat' dir='ltr'><strong>nisi</strong></span> <span class='ocrx_word' id='word_1_36' title='bbox 506 520 616 576; x_wconf 86' lang='lat' dir='ltr'><strong>ipse:</strong></span> <span class='ocrx_word' id='word_1_37' title='bbox 649 520 763 562; x_wconf 87' lang='lat' dir='ltr'><strong>bella</strong></span> <span class='ocrx_word' id='word_1_38' title='bbox 794 519 879 568; x_wconf 81' lang='lat' dir='ltr'><strong>iam</strong></span> <span class='ocrx_word' id='word_1_39' title='bbox 913 534 1058 563; x_wconf 89' lang='lat' dir='ltr'><strong>secum</strong></span> <span class='ocrx_word' id='word_1_40' title='bbox 1091 521 1226 577; x_wconf 85' lang='lat' dir='ltr'><strong>gerat.</strong></span> <span class='ocrx_word' id='word_1_41' title='bbox 1459 528 1504 560; x_wconf 81' lang='lat'><strong>85</strong></span> 
     </span>
     <span class='ocr_line' id='line_1_8' title="bbox 133 579 1046 626; baseline -0.004 0"><span class='ocrx_word' id='word_1_42' title='bbox 133 583 276 626; x_wconf 84' lang='lat' dir='ltr'><strong>adsint</strong></span> <span class='ocrx_word' id='word_1_43' title='bbox 309 581 363 625; x_wconf 82' lang='lat' dir='ltr'><strong>ab</strong></span> <span class='ocrx_word' id='word_1_44' title='bbox 396 582 483 624; x_wconf 90' lang='lat' dir='ltr'><strong>imo</strong></span> <span class='ocrx_word' id='word_1_45' title='bbox 515 580 684 624; x_wconf 77' lang='lat' dir='ltr'><strong>Tartari</strong></span> <span class='ocrx_word' id='word_1_46' title='bbox 715 579 849 623; x_wconf 87' lang='lat' dir='ltr'><strong>fundo</strong></span> <span class='ocrx_word' id='word_1_47' title='bbox 881 580 1046 622; x_wconf 76' lang='lat' dir='ltr'><strong>excitae</strong></span> 
     </span>
    </p>

    <p class='ocr_par' dir='ltr' id='par_1_7' title="bbox 115 641 1288 760">
     <span class='ocr_line' id='line_1_9' title="bbox 131 641 1288 699; baseline -0.004 -12"><span class='ocrx_word' id='word_1_48' title='bbox 131 642 413 698; x_wconf 80' lang='lat' dir='ltr'><strong>Eumenides,</strong></span> <span class='ocrx_word' id='word_1_49' title='bbox 448 642 594 699; x_wconf 83' lang='lat' dir='ltr'><strong>ignem</strong></span> <span class='ocrx_word' id='word_1_50' title='bbox 625 641 849 683; x_wconf 80' lang='lat' dir='ltr'><strong>flam-meae</strong></span> <span class='ocrx_word' id='word_1_51' title='bbox 882 643 1091 698; x_wconf 83' lang='lat' dir='ltr'><strong>spargant</strong></span> <span class='ocrx_word' id='word_1_52' title='bbox 1123 655 1288 696; x_wconf 85' lang='lat' dir='ltr'><strong>comae,</strong></span> 
     </span>
     <span class='ocr_line' id='line_1_10' title="bbox 115 700 1142 760; baseline -0.002 -15"><span class='ocrx_word' id='word_1_53' title='bbox 115 705 305 760; x_wconf 52' lang='lat' dir='ltr'><strong>„viperea</strong></span> <span class='ocrx_word' id='word_1_54' title='bbox 337 717 487 746; x_wconf 86' lang='lat' dir='ltr'><strong>saevae</strong></span> <span class='ocrx_word' id='word_1_55' title='bbox 520 701 698 744; x_wconf 87' lang='lat' dir='ltr'><strong>verbera</strong></span> <span class='ocrx_word' id='word_1_56' title='bbox 729 700 944 744; x_wconf 87' lang='lat' dir='ltr'><strong>incutiant</strong></span> <span class='ocrx_word' id='word_1_57' title='bbox 975 715 1142 745; x_wconf 82' lang='lat' dir='ltr'><strong>manus.</strong></span> 
     </span>
    </p>

    <p class='ocr_par' dir='ltr' id='par_1_8' title="bbox 134 761 1082 820">
     <span class='ocr_line' id='line_1_11' title="bbox 134 761 1082 820; baseline -0.001 -12"><span class='ocrx_word' id='word_1_58' title='bbox 134 766 149 807; x_wconf 94' lang='lat' dir='ltr'><strong>i</strong></span> <span class='ocrx_word' id='word_1_59' title='bbox 180 779 313 820; x_wconf 79' lang='lat' dir='ltr'><strong>nunc,</strong></span> <span class='ocrx_word' id='word_1_60' title='bbox 344 762 546 819; x_wconf 80' lang='lat' dir='ltr'><strong>superbe,</strong></span> <span class='ocrx_word' id='word_1_61' title='bbox 579 761 780 804; x_wconf 88' lang='lat' dir='ltr'><strong>caelitum</strong></span> <span class='ocrx_word' id='word_1_62' title='bbox 813 761 933 804; x_wconf 86' lang='lat' dir='ltr'><strong>sedes</strong></span> <span class='ocrx_word' id='word_1_63' title='bbox 965 764 1082 817; x_wconf 81' lang='lat' dir='ltr'><strong>pete,</strong></span> 
     </span>
    </p>

    <p class='ocr_par' dir='ltr' id='par_1_9' title="bbox 133 820 1506 943">
     <span class='ocr_line' id='line_1_12' title="bbox 133 820 1506 879; baseline -0.003 -11"><span class='ocrx_word' id='word_1_64' title='bbox 133 826 323 868; x_wconf 78' lang='lat' dir='ltr'><strong>humana</strong></span> <span class='ocrx_word' id='word_1_65' title='bbox 353 826 510 867; x_wconf 89' lang='lat' dir='ltr'><strong>temne.</strong></span> <span class='ocrx_word' id='word_1_66' title='bbox 572 822 659 865; x_wconf 82' lang='lat' dir='ltr'><strong>iam</strong></span> <span class='ocrx_word' id='word_1_67' title='bbox 692 820 831 879; x_wconf 81' lang='lat' dir='ltr'><strong>Styga</strong></span> <span class='ocrx_word' id='word_1_68' title='bbox 865 824 907 864; x_wconf 89' lang='lat' dir='ltr'><strong>et</strong></span> <span class='ocrx_word' id='word_1_69' title='bbox 938 837 1085 867; x_wconf 85' lang='lat' dir='ltr'><strong>manes</strong></span> <span class='ocrx_word' id='word_1_70' title='bbox 1116 822 1238 865; x_wconf 87' lang='lat' dir='ltr'><strong>ferox</strong></span> <span class='ocrx_word' id='word_1_71' title='bbox 1460 832 1506 864; x_wconf 83' lang='lat'><strong>90</strong></span> 
     </span>
     <span class='ocr_line' id='line_1_13' title="bbox 133 881 1184 943; baseline -0.002 -15"><span class='ocrx_word' id='word_1_72' title='bbox 133 885 296 943; x_wconf 85' lang='lat' dir='ltr'><strong>fugisse</strong></span> <span class='ocrx_word' id='word_1_73' title='bbox 328 883 494 927; x_wconf 74' lang='lat' dir='ltr'><strong>credis?</strong></span> <span class='ocrx_word' id='word_1_74' title='bbox 537 882 611 926; x_wconf 84' lang='lat' dir='ltr'><strong>hic</strong></span> <span class='ocrx_word' id='word_1_75' title='bbox 640 881 722 925; x_wconf 88' lang='lat' dir='ltr'><strong>tibi</strong></span> <span class='ocrx_word' id='word_1_76' title='bbox 755 882 979 925; x_wconf 87' lang='lat' dir='ltr'><strong>ostendam</strong></span> <span class='ocrx_word' id='word_1_77' title='bbox 1009 883 1184 926; x_wconf 83' lang='lat' dir='ltr'><strong>inferos.</strong></span> 
     </span>
    </p>

    <p class='ocr_par' dir='ltr' id='par_1_10' title="bbox 133 942 1024 1000">
     <span class='ocr_line' id='line_1_14' title="bbox 133 942 1024 1000; baseline -0.002 -12"><span class='ocrx_word' id='word_1_78' title='bbox 133 945 343 989; x_wconf 85' lang='lat' dir='ltr'><strong>revocabo</strong></span> <span class='ocrx_word' id='word_1_79' title='bbox 375 944 422 987; x_wconf 88' lang='lat' dir='ltr'><strong>in</strong></span> <span class='ocrx_word' id='word_1_80' title='bbox 452 943 540 986; x_wconf 86' lang='lat' dir='ltr'><strong>alta</strong></span> <span class='ocrx_word' id='word_1_81' title='bbox 571 942 789 986; x_wconf 84' lang='lat' dir='ltr'><strong>conditam</strong></span> <span class='ocrx_word' id='word_1_82' title='bbox 822 943 1024 1000; x_wconf 79' lang='lat' dir='ltr'><strong>caligine,</strong></span> 
     </span>
    </p>

    <p class='ocr_par' dir='ltr' id='par_1_11' title="bbox 135 1003 1121 1059">
     <span class='ocr_line' id='line_1_15' title="bbox 135 1003 1121 1059; baseline -0.001 -11"><span class='ocrx_word' id='word_1_83' title='bbox 135 1007 248 1048; x_wconf 86' lang='lat' dir='ltr'><strong>ultra</strong></span> <span class='ocrx_word' id='word_1_84' title='bbox 279 1007 512 1048; x_wconf 90' lang='lat' dir='ltr'><strong>nocentum</strong></span> <span class='ocrx_word' id='word_1_85' title='bbox 545 1003 693 1059; x_wconf 77' lang='lat' dir='ltr'><strong>exilia,</strong></span> <span class='ocrx_word' id='word_1_86' title='bbox 724 1003 964 1047; x_wconf 84' lang='lat' dir='ltr'><strong>discordem</strong></span> <span class='ocrx_word' id='word_1_87' title='bbox 997 1004 1121 1047; x_wconf 86' lang='lat' dir='ltr'><strong>deam</strong></span> 
     </span>
    </p>

    <p class='ocr_par' dir='ltr' id='par_1_12' title="bbox 135 1064 1246 1122">
     <span class='ocr_line' id='line_1_16' title="bbox 135 1064 1246 1122; baseline -0.002 -13"><span class='ocrx_word' id='word_1_88' title='bbox 135 1081 263 1122; x_wconf 83' lang='lat' dir='ltr'><strong>quam</strong></span> <span class='ocrx_word' id='word_1_89' title='bbox 294 1064 435 1107; x_wconf 89' lang='lat' dir='ltr'><strong>munit</strong></span> <span class='ocrx_word' id='word_1_90' title='bbox 466 1065 621 1121; x_wconf 86' lang='lat' dir='ltr'><strong>ingens</strong></span> <span class='ocrx_word' id='word_1_91' title='bbox 653 1064 816 1107; x_wconf 86' lang='lat' dir='ltr'><strong>montis</strong></span> <span class='ocrx_word' id='word_1_92' title='bbox 849 1064 1040 1122; x_wconf 84' lang='lat' dir='ltr'><strong>oppositi</strong></span> <span class='ocrx_word' id='word_1_93' title='bbox 1074 1079 1246 1122; x_wconf 73' lang='lat' dir='ltr'><strong>specus3</strong></span> 
     </span>
    </p>

    <p class='ocr_par' dir='ltr' id='par_1_13' title="bbox 136 1123 1507 1303">
     <span class='ocr_line' id='line_1_17' title="bbox 136 1123 1507 1181; baseline -0.001 -12"><span class='ocrx_word' id='word_1_94' title='bbox 136 1126 313 1169; x_wconf 83' lang='lat' dir='ltr'><strong>educam</strong></span> <span class='ocrx_word' id='word_1_95' title='bbox 345 1128 387 1168; x_wconf 91' lang='lat' dir='ltr'><strong>et</strong></span> <span class='ocrx_word' id='word_1_96' title='bbox 419 1125 506 1167; x_wconf 90' lang='lat' dir='ltr'><strong>imo</strong></span> <span class='ocrx_word' id='word_1_97' title='bbox 539 1123 656 1167; x_wconf 80' lang='lat' dir='ltr'><strong>Ditis</strong></span> <span class='ocrx_word' id='word_1_98' title='bbox 689 1140 711 1167; x_wconf 92' lang='lat' dir='ltr'><strong>e</strong></span> <span class='ocrx_word' id='word_1_99' title='bbox 743 1139 877 1181; x_wconf 84' lang='lat' dir='ltr'><strong>regno</strong></span> <span class='ocrx_word' id='word_1_100' title='bbox 911 1125 1135 1168; x_wconf 82' lang='lat' dir='ltr'><strong>extraham</strong></span> <span class='ocrx_word' id='word_1_101' title='bbox 1461 1135 1507 1168; x_wconf 83' lang='lat'><strong>95</strong></span> 
     </span>
     <span class='ocr_line' id='line_1_18' title="bbox 136 1184 1264 1243; baseline -0.002 -13"><span class='ocrx_word' id='word_1_102' title='bbox 136 1186 340 1243; x_wconf 87' lang='lat' dir='ltr'><strong>quicquid</strong></span> <span class='ocrx_word' id='word_1_103' title='bbox 370 1186 568 1228; x_wconf 87' lang='lat' dir='ltr'><strong>relictum</strong></span> <span class='ocrx_word' id='word_1_104' title='bbox 601 1187 684 1227; x_wconf 87' lang='lat' dir='ltr'><strong>est:</strong></span> <span class='ocrx_word' id='word_1_105' title='bbox 717 1185 863 1228; x_wconf 83' lang='lat' dir='ltr'><strong>veniet</strong></span> <span class='ocrx_word' id='word_1_106' title='bbox 892 1185 1080 1229; x_wconf 81' lang='lat' dir='ltr'><strong>invisum</strong></span> <span class='ocrx_word' id='word_1_107' title='bbox 1114 1184 1264 1229; x_wconf 86' lang='lat' dir='ltr'><strong>Scelus</strong></span> 
     </span>
     <span class='ocr_line' id='line_1_19' title="bbox 136 1245 1255 1303; baseline -0.001 -13"><span class='ocrx_word' id='word_1_108' title='bbox 136 1261 346 1303; x_wconf 86' lang='lat' dir='ltr'><strong>suumque</strong></span> <span class='ocrx_word' id='word_1_109' title='bbox 377 1246 570 1289; x_wconf 85' lang='lat' dir='ltr'><strong>lambens</strong></span> <span class='ocrx_word' id='word_1_110' title='bbox 605 1246 859 1303; x_wconf 80' lang='lat' dir='ltr'><strong>sanguinem</strong></span> <span class='ocrx_word' id='word_1_111' title='bbox 893 1245 1100 1302; x_wconf 83' lang='lat' dir='ltr'><strong>Impietas</strong></span> <span class='ocrx_word' id='word_1_112' title='bbox 1132 1247 1255 1289; x_wconf 82' lang='lat' dir='ltr'><strong>ferox</strong></span> 
     </span>
    </p>

    <p class='ocr_par' dir='ltr' id='par_1_14' title="bbox 135 1306 1259 1363">
     <span class='ocr_line' id='line_1_20' title="bbox 135 1306 1259 1363; baseline 0 -13"><span class='ocrx_word' id='word_1_113' title='bbox 135 1308 353 1363; x_wconf 83' lang='lat' dir='ltr'><strong>Errorque</strong></span> <span class='ocrx_word' id='word_1_114' title='bbox 385 1309 428 1349; x_wconf 87' lang='lat' dir='ltr'><strong>et</strong></span> <span class='ocrx_word' id='word_1_115' title='bbox 460 1306 505 1348; x_wconf 89' lang='lat' dir='ltr'><strong>in</strong></span> <span class='ocrx_word' id='word_1_116' title='bbox 532 1320 576 1348; x_wconf 87' lang='lat' dir='ltr'><strong>se</strong></span> <span class='ocrx_word' id='word_1_117' title='bbox 610 1321 778 1362; x_wconf 87' lang='lat' dir='ltr'><strong>semper</strong></span> <span class='ocrx_word' id='word_1_118' title='bbox 810 1309 1001 1350; x_wconf 88' lang='lat' dir='ltr'><strong>armatus</strong></span> <span class='ocrx_word' id='word_1_119' title='bbox 1033 1306 1173 1350; x_wconf 84' lang='lat' dir='ltr'><strong>Furor</strong></span> <span class='ocrx_word' id='word_1_120' title='bbox 1209 1331 1259 1337; x_wconf 80' lang='lat'><strong>——</strong></span> 
     </span>
    </p>
   </div>
   <div class='ocr_carea' id='block_1_3' title="bbox 60 1366 1088 1411">
    <p class='ocr_par' dir='ltr' id='par_1_15' title="bbox 60 1366 1088 1411">
     <span class='ocr_line' id='line_1_21' title="bbox 60 1366 1088 1411; baseline -0.002 0"><span class='ocrx_word' id='word_1_121' title='bbox 60 1396 65 1399; x_wconf 99' lang='lat'>-</span> <span class='ocrx_word' id='word_1_122' title='bbox 136 1368 219 1411; x_wconf 93' lang='lat' dir='ltr'><strong>hoc</strong></span> <span class='ocrx_word' id='word_1_123' title='bbox 248 1368 333 1410; x_wconf 90' lang='lat' dir='ltr'><strong>hoc</strong></span> <span class='ocrx_word' id='word_1_124' title='bbox 363 1366 562 1410; x_wconf 86' lang='lat' dir='ltr'><strong>ministro</strong></span> <span class='ocrx_word' id='word_1_125' title='bbox 594 1369 744 1409; x_wconf 86' lang='lat' dir='ltr'><strong>noster</strong></span> <span class='ocrx_word' id='word_1_126' title='bbox 774 1369 923 1409; x_wconf 83' lang='lat' dir='ltr'><strong>utatur</strong></span> <span class='ocrx_word' id='word_1_127' title='bbox 955 1367 1088 1410; x_wconf 89' lang='lat' dir='ltr'><strong>dolor.</strong></span> 
     </span>
    </p>
   </div>
   <div class='ocr_carea' id='block_1_4' title="bbox 103 1426 1510 2024">
    <p class='ocr_par' dir='ltr' id='par_1_16' title="bbox 103 1426 1510 2024">
     <span class='ocr_line' id='line_1_22' title="bbox 225 1426 1507 1484; baseline 0 -13"><span class='ocrx_word' id='word_1_128' title='bbox 225 1426 429 1484; x_wconf 84' lang='lat' dir='ltr'><strong>Incipite,</strong></span> <span class='ocrx_word' id='word_1_129' title='bbox 459 1427 647 1469; x_wconf 87' lang='lat' dir='ltr'><strong>famulae</strong></span> <span class='ocrx_word' id='word_1_130' title='bbox 678 1426 812 1482; x_wconf 85' lang='lat' dir='ltr'><strong>Ditis,</strong></span> <span class='ocrx_word' id='word_1_131' title='bbox 844 1427 1064 1470; x_wconf 81' lang='lat' dir='ltr'><strong>ardentem</strong></span> <span class='ocrx_word' id='word_1_132' title='bbox 1097 1428 1208 1471; x_wconf 83' lang='lat' dir='ltr'><strong>citae</strong></span> <span class='ocrx_word' id='word_1_133' title='bbox 1436 1438 1507 1471; x_wconf 89' lang='lat'><strong>100</strong></span> 
     </span>
     <span class='ocr_line' id='line_1_23' title="bbox 136 1487 1344 1546; baseline -0.001 -14"><span class='ocrx_word' id='word_1_134' title='bbox 136 1489 355 1532; x_wconf 86' lang='lat' dir='ltr'><strong>concutite</strong></span> <span class='ocrx_word' id='word_1_135' title='bbox 386 1488 537 1543; x_wconf 85' lang='lat' dir='ltr'><strong>pinum</strong></span> <span class='ocrx_word' id='word_1_136' title='bbox 569 1490 612 1529; x_wconf 90' lang='lat' dir='ltr'><strong>et</strong></span> <span class='ocrx_word' id='word_1_137' title='bbox 644 1501 802 1544; x_wconf 87' lang='lat' dir='ltr'><strong>agmen</strong></span> <span class='ocrx_word' id='word_1_138' title='bbox 831 1487 1094 1531; x_wconf 87' lang='lat' dir='ltr'><strong>horrendum</strong></span> <span class='ocrx_word' id='word_1_139' title='bbox 1128 1489 1344 1546; x_wconf 86' lang='lat' dir='ltr'><strong>anguibus</strong></span> 
     </span>
     <span class='ocr_line' id='line_1_24' title="bbox 137 1547 1045 1606; baseline -0.001 -14"><span class='ocrx_word' id='word_1_140' title='bbox 137 1549 339 1606; x_wconf 85' lang='lat' dir='ltr'><strong>Megaera</strong></span> <span class='ocrx_word' id='word_1_141' title='bbox 371 1549 500 1594; x_wconf 80' lang='lat' dir='ltr'><strong>ducat</strong></span> <span class='ocrx_word' id='word_1_142' title='bbox 531 1550 660 1603; x_wconf 86' lang='lat' dir='ltr'><strong>atque</strong></span> <span class='ocrx_word' id='word_1_143' title='bbox 691 1547 882 1590; x_wconf 88' lang='lat' dir='ltr'><strong>luctifica</strong></span> <span class='ocrx_word' id='word_1_144' title='bbox 913 1564 1045 1591; x_wconf 85' lang='lat' dir='ltr'><strong>manu</strong></span> 
     </span>
     <span class='ocr_line' id='line_1_25' title="bbox 137 1607 1134 1666; baseline -0.001 -13"><span class='ocrx_word' id='word_1_145' title='bbox 137 1613 303 1653; x_wconf 83' lang='lat' dir='ltr'><strong>vastam</strong></span> <span class='ocrx_word' id='word_1_146' title='bbox 335 1622 442 1666; x_wconf 86' lang='lat' dir='ltr'><strong>rogo</strong></span> <span class='ocrx_word' id='word_1_147' title='bbox 475 1607 685 1665; x_wconf 85' lang='lat' dir='ltr'><strong>flagrante</strong></span> <span class='ocrx_word' id='word_1_148' title='bbox 718 1608 923 1664; x_wconf 80' lang='lat' dir='ltr'><strong>corripiat</strong></span> <span class='ocrx_word' id='word_1_149' title='bbox 954 1609 1134 1652; x_wconf 84' lang='lat' dir='ltr'><strong>trabem.</strong></span> 
     </span>
     <span class='ocr_line' id='line_1_26' title="bbox 137 1668 1149 1727; baseline -0.002 -13"><span class='ocrx_word' id='word_1_150' title='bbox 137 1671 222 1714; x_wconf 91' lang='lat' dir='ltr'><strong>hoc</strong></span> <span class='ocrx_word' id='word_1_151' title='bbox 253 1669 387 1727; x_wconf 85' lang='lat' dir='ltr'><strong>agite,</strong></span> <span class='ocrx_word' id='word_1_152' title='bbox 419 1682 580 1724; x_wconf 86' lang='lat' dir='ltr'><strong>poenas</strong></span> <span class='ocrx_word' id='word_1_153' title='bbox 612 1668 746 1724; x_wconf 85' lang='lat' dir='ltr'><strong>petite</strong></span> <span class='ocrx_word' id='word_1_154' title='bbox 778 1668 954 1712; x_wconf 83' lang='lat' dir='ltr'><strong>vitiatae</strong></span> <span class='ocrx_word' id='word_1_155' title='bbox 988 1668 1149 1727; x_wconf 83' lang='lat' dir='ltr'><strong>Stygis.</strong></span> 
     </span>
     <span class='ocr_line' id='line_1_27' title="bbox 138 1728 1510 1785; baseline -0.002 -10"><span class='ocrx_word' id='word_1_156' title='bbox 138 1730 355 1775; x_wconf 84' lang='lat' dir='ltr'><strong>concutite</strong></span> <span class='ocrx_word' id='word_1_157' title='bbox 386 1731 557 1785; x_wconf 88' lang='lat' dir='ltr'><strong>pectus,</strong></span> <span class='ocrx_word' id='word_1_158' title='bbox 589 1728 728 1770; x_wconf 87' lang='lat' dir='ltr'><strong>acrior</strong></span> <span class='ocrx_word' id='word_1_159' title='bbox 758 1732 947 1772; x_wconf 87' lang='lat' dir='ltr'><strong>mentem</strong></span> <span class='ocrx_word' id='word_1_160' title='bbox 980 1732 1195 1785; x_wconf 84' lang='lat' dir='ltr'><strong>excoquat</strong></span> <span class='ocrx_word' id='word_1_161' title='bbox 1442 1739 1510 1772; x_wconf 87' lang='lat'><strong>105</strong></span> 
     </span>
     <span class='ocr_line' id='line_1_28' title="bbox 140 1788 1130 1848; baseline -0.001 -14"><span class='ocrx_word' id='word_1_162' title='bbox 140 1806 271 1848; x_wconf 85' lang='lat' dir='ltr'><strong>quam</strong></span> <span class='ocrx_word' id='word_1_163' title='bbox 303 1790 378 1846; x_wconf 91' lang='lat' dir='ltr'><strong>qui</strong></span> <span class='ocrx_word' id='word_1_164' title='bbox 410 1789 590 1832; x_wconf 83' lang='lat' dir='ltr'><strong>caminis</strong></span> <span class='ocrx_word' id='word_1_165' title='bbox 623 1788 736 1845; x_wconf 88' lang='lat' dir='ltr'><strong>ignis</strong></span> <span class='ocrx_word' id='word_1_166' title='bbox 768 1788 973 1832; x_wconf 86' lang='lat' dir='ltr'><strong>Aetnaeis</strong></span> <span class='ocrx_word' id='word_1_167' title='bbox 1006 1790 1130 1833; x_wconf 80' lang='lat' dir='ltr'><strong>furit:</strong></span> 
     </span>
     <span class='ocr_line' id='line_1_29' title="bbox 137 1848 1047 1908; baseline -0.003 -13"><span class='ocrx_word' id='word_1_168' title='bbox 137 1855 187 1895; x_wconf 78' lang='lat' dir='ltr'><strong>ut</strong></span> <span class='ocrx_word' id='word_1_169' title='bbox 218 1851 357 1908; x_wconf 86' lang='lat' dir='ltr'><strong>possit</strong></span> <span class='ocrx_word' id='word_1_170' title='bbox 389 1849 532 1892; x_wconf 92' lang='lat' dir='ltr'><strong>animo</strong></span> <span class='ocrx_word' id='word_1_171' title='bbox 566 1851 716 1904; x_wconf 87' lang='lat' dir='ltr'><strong>captus</strong></span> <span class='ocrx_word' id='word_1_172' title='bbox 750 1848 923 1892; x_wconf 86' lang='lat' dir='ltr'><strong>Alcides</strong></span> <span class='ocrx_word' id='word_1_173' title='bbox 957 1850 1047 1908; x_wconf 83' lang='lat' dir='ltr'><strong>agi,</strong></span> 
     </span>
     <span class='ocr_line' id='line_1_30' title="bbox 141 1909 1024 1970; baseline -0.002 -15"><span class='ocrx_word' id='word_1_174' title='bbox 141 1926 299 1970; x_wconf 85' lang='lat' dir='ltr'><strong>magno</strong></span> <span class='ocrx_word' id='word_1_175' title='bbox 331 1911 476 1954; x_wconf 82' lang='lat' dir='ltr'><strong>furore</strong></span> <span class='ocrx_word' id='word_1_176' title='bbox 507 1909 716 1965; x_wconf 66' lang='lat' dir='ltr'><strong>percitus,</strong></span> <span class='ocrx_word' id='word_1_177' title='bbox 747 1910 872 1952; x_wconf 87' lang='lat' dir='ltr'><strong>vobis</strong></span> <span class='ocrx_word' id='word_1_178' title='bbox 904 1911 1024 1966; x_wconf 86' lang='lat' dir='ltr'><strong>prius</strong></span> 
     </span>
     <span class='ocr_line' id='line_1_31' title="bbox 103 1968 1245 2024; baseline -0.002 -9"><span class='ocrx_word' id='word_1_179' title='bbox 103 1973 111 1982; x_wconf 89' lang='grc'><em>“</em></span> <span class='ocrx_word' id='word_1_180' title='bbox 143 1971 443 2016; x_wconf 86' lang='lat' dir='ltr'><strong>insaniendum</strong></span> <span class='ocrx_word' id='word_1_181' title='bbox 477 1972 553 2012; x_wconf 86' lang='lat' dir='ltr'><strong>est.</strong></span> <span class='ocrx_word' id='word_1_182' title='bbox 615 1968 744 2024; x_wconf 80' lang='lat' dir='ltr'><strong>Iuno,</strong></span> <span class='ocrx_word' id='word_1_183' title='bbox 776 1983 851 2012; x_wconf 83' lang='lat' dir='ltr'><strong>cur</strong></span> <span class='ocrx_word' id='word_1_184' title='bbox 883 1971 1075 2013; x_wconf 89' lang='lat' dir='ltr'><strong>nondum</strong></span> <span class='ocrx_word' id='word_1_185' title='bbox 1107 1970 1245 2013; x_wconf 80' lang='lat' dir='ltr'><strong>furis?</strong></span> 
     </span>
    </p>
   </div>
   <div class='ocr_carea' id='block_1_5' title="bbox 139 2111 1518 2447">
    <p class='ocr_par' dir='ltr' id='par_1_17' title="bbox 139 2111 1518 2447">
     <span class='ocr_line' id='line_1_32' title="bbox 237 2111 1513 2160; baseline 0 -10"><span class='ocrx_word' id='word_1_186' title='bbox 237 2117 279 2150; x_wconf 82' lang='lat'><strong>81</strong></span> <span class='ocrx_word' id='word_1_187' title='bbox 304 2113 462 2160; x_wconf 75' lang='lat' dir='ltr'><strong>gigante</strong></span> <span class='ocrx_word' id='word_1_188' title='bbox 496 2113 530 2158; x_wconf 88' lang='lat' dir='ltr'><strong>(e</strong></span> <span class='ocrx_word' id='word_1_189' title='bbox 561 2122 606 2147; x_wconf 79' lang='lat' dir='ltr'><strong>ex</strong></span> <span class='ocrx_word' id='word_1_190' title='bbox 631 2111 670 2146; x_wconf 76' lang='lat' dir='ltr'><strong>‘is</strong></span> <span class='ocrx_word' id='word_1_191' title='bbox 696 2111 720 2146; x_wconf 84' lang='lat' dir='ltr'><strong>i.</strong></span> <span class='ocrx_word' id='word_1_192' title='bbox 748 2112 835 2157; x_wconf 82' lang='lat' dir='ltr'><strong>ras.)</strong></span> <span class='ocrx_word' id='word_1_193' title='bbox 861 2113 948 2148; x_wconf 65' lang='lat' dir='ltr'><strong>Em]</strong></span> <span class='ocrx_word' id='word_1_194' title='bbox 986 2115 998 2158; x_wconf 72' lang='grc' dir='ltr'>ῃ</span> <span class='ocrx_word' id='word_1_195' title='bbox 1037 2112 1082 2148; x_wconf 70' lang='lat'><strong>82</strong></span> <span class='ocrx_word' id='word_1_196' title='bbox 1107 2117 1141 2149; x_wconf 82' lang='lat' dir='ltr'><strong>ct</strong></span> <span class='ocrx_word' id='word_1_197' title='bbox 1173 2116 1218 2147; x_wconf 81' lang='grc'><strong>89</strong></span> <span class='ocrx_word' id='word_1_198' title='bbox 1251 2113 1298 2157; x_wconf 79' lang='lat' dir='ltr'><strong>cf.</strong></span> <span class='ocrx_word' id='word_1_199' title='bbox 1326 2113 1431 2157; x_wconf 71' lang='lat' dir='ltr'><strong>infra</strong></span> <span class='ocrx_word' id='word_1_200' title='bbox 1463 2115 1513 2150; x_wconf 77' lang='lat' dir='ltr'><strong>ad</strong></span> 
     </span>
     <span class='ocr_line' id='line_1_33' title="bbox 139 2159 1514 2209; baseline -0.002 -8"><span class='ocrx_word' id='word_1_201' title='bbox 139 2176 172 2201; x_wconf 80' lang='lat' dir='ltr'><strong>v.</strong></span> <span class='ocrx_word' id='word_1_202' title='bbox 199 2165 272 2200; x_wconf 83' lang='lat'><strong>123</strong></span> <span class='ocrx_word' id='word_1_203' title='bbox 290 2164 302 2209; x_wconf 82' lang='grc' dir='ltr'><strong>ΙΙ</strong></span> <span class='ocrx_word' id='word_1_204' title='bbox 321 2163 367 2197; x_wconf 80' lang='lat'><strong>88</strong></span> <span class='ocrx_word' id='word_1_205' title='bbox 393 2160 525 2197; x_wconf 78' lang='lat' dir='ltr'><strong>delevit</strong></span> <span class='ocrx_word' id='word_1_206' title='bbox 548 2159 625 2196; x_wconf 84' lang='lat' dir='ltr'><strong>Leo</strong></span> <span class='ocrx_word' id='word_1_207' title='bbox 643 2160 656 2206; x_wconf 81' lang='grc' dir='ltr'><strong>ΙΙ</strong></span> <span class='ocrx_word' id='word_1_208' title='bbox 675 2162 817 2195; x_wconf 78' lang='grc'><strong>88-89</strong></span> <span class='ocrx_word' id='word_1_209' title='bbox 842 2172 909 2196; x_wconf 85' lang='lat' dir='ltr'><strong>om.</strong></span> <span class='ocrx_word' id='word_1_210' title='bbox 936 2164 991 2196; x_wconf 70' lang='lat' dir='ltr'><strong>At</strong></span> <span class='ocrx_word' id='word_1_211' title='bbox 1010 2163 1022 2207; x_wconf 73' lang='lat' dir='ltr'>ss</span> <span class='ocrx_word' id='word_1_212' title='bbox 1042 2164 1087 2196; x_wconf 83' lang='grc'><strong>89</strong></span> <span class='ocrx_word' id='word_1_213' title='bbox 1114 2171 1296 2207; x_wconf 81' lang='lat' dir='ltr'><strong>supernas</strong></span> <span class='ocrx_word' id='word_1_214' title='bbox 1322 2161 1480 2208; x_wconf 76' lang='lat' dir='ltr'><strong>Bentley</strong></span> <span class='ocrx_word' id='word_1_215' title='bbox 1501 2163 1514 2208; x_wconf 72' lang='grc' dir='ltr'><strong>ΙΙ</strong></span> 
     </span>
     <span class='ocr_line' id='line_1_34' title="bbox 141 2208 1510 2255; baseline -0.001 -8"><span class='ocrx_word' id='word_1_216' title='bbox 141 2215 189 2247; x_wconf 82' lang='grc'>00</span> <span class='ocrx_word' id='word_1_217' title='bbox 213 2211 312 2250; x_wconf 80' lang='lat' dir='ltr'><strong>feros</strong></span> <span class='ocrx_word' id='word_1_218' title='bbox 339 2208 428 2245; x_wconf 59' lang='grc' dir='ltr'><strong>ΣΡ</strong></span> <span class='ocrx_word' id='word_1_219' title='bbox 446 2209 462 2255; x_wconf 72' lang='lat' dir='ltr'>n</span> <span class='ocrx_word' id='word_1_220' title='bbox 478 2211 520 2243; x_wconf 82' lang='grc'>01</span> <span class='ocrx_word' id='word_1_221' title='bbox 545 2211 632 2244; x_wconf 79' lang='lat' dir='ltr'><strong>ante</strong></span> <span class='ocrx_word' id='word_1_222' title='bbox 657 2219 687 2243; x_wconf 89' lang='lat' dir='ltr'><strong>v.</strong></span> <span class='ocrx_word' id='word_1_223' title='bbox 713 2210 762 2243; x_wconf 86' lang='lat'><strong>90</strong></span> <span class='ocrx_word' id='word_1_224' title='bbox 786 2212 815 2243; x_wconf 77' lang='lat' dir='ltr'>E</span> <span class='ocrx_word' id='word_1_225' title='bbox 840 2209 902 2244; x_wconf 81' lang='lat' dir='ltr'><strong>sed</strong></span> <span class='ocrx_word' id='word_1_226' title='bbox 923 2209 1125 2255; x_wconf 69' lang='lat' dir='ltr'><strong>propositis</strong></span> <span class='ocrx_word' id='word_1_227' title='bbox 1150 2210 1282 2246; x_wconf 73' lang='lat' dir='ltr'><strong>litteris</strong></span> <span class='ocrx_word' id='word_1_228' title='bbox 1308 2219 1331 2244; x_wconf 83' lang='lat' dir='ltr'><strong>a</strong></span> <span class='ocrx_word' id='word_1_229' title='bbox 1356 2209 1380 2244; x_wconf 91' lang='lat' dir='ltr'>b</span> <span class='ocrx_word' id='word_1_230' title='bbox 1407 2211 1510 2248; x_wconf 78' lang='lat' dir='ltr'><strong>resti-</strong></span> 
     </span>
     <span class='ocr_line' id='line_1_35' title="bbox 142 2255 1512 2306; baseline -0.002 -9"><span class='ocrx_word' id='word_1_231' title='bbox 142 2264 245 2297; x_wconf 63' lang='lat' dir='ltr'><strong>tutus</strong></span> <span class='ocrx_word' id='word_1_232' title='bbox 262 2257 352 2296; x_wconf 83' lang='lat' dir='ltr'><strong>ordo</strong></span> <span class='ocrx_word' id='word_1_233' title='bbox 371 2267 476 2303; x_wconf 76' lang='lat' dir='ltr'><strong>quem</strong></span> <span class='ocrx_word' id='word_1_234' title='bbox 494 2258 639 2292; x_wconf 58' lang='lat' dir='ltr'><strong>teneti:</strong></span> <span class='ocrx_word' id='word_1_235' title='bbox 649 2255 662 2302; x_wconf 52' lang='grc' dir='ltr'><strong>[ᾗ</strong></span> <span class='ocrx_word' id='word_1_236' title='bbox 674 2259 721 2290; x_wconf 80' lang='grc'><strong>92</strong></span> <span class='ocrx_word' id='word_1_237' title='bbox 740 2256 914 2293; x_wconf 86' lang='lat' dir='ltr'><strong>reserabo</strong></span> <span class='ocrx_word' id='word_1_238' title='bbox 936 2258 1093 2304; x_wconf 77' lang='lat' dir='ltr'><strong>Bentley</strong></span> <span class='ocrx_word' id='word_1_239' title='bbox 1111 2258 1123 2303; x_wconf 84' lang='grc' dir='ltr'><strong>ΙΙ</strong></span> <span class='ocrx_word' id='word_1_240' title='bbox 1142 2260 1188 2293; x_wconf 77' lang='lat'><strong>08</strong></span> <span class='ocrx_word' id='word_1_241' title='bbox 1209 2257 1408 2294; x_wconf 80' lang='lat' dir='ltr'><strong>dissortem</strong></span> <span class='ocrx_word' id='word_1_242' title='bbox 1429 2258 1512 2306; x_wconf 79' lang='lat' dir='ltr'><strong>pla-</strong></span> 
     </span>
     <span class='ocr_line' id='line_1_36' title="bbox 142 2303 1513 2356; baseline -0.001 -11"><span class='ocrx_word' id='word_1_243' title='bbox 142 2319 232 2356; x_wconf 77' lang='lat' dir='ltr'><strong>gam</strong></span> <span class='ocrx_word' id='word_1_244' title='bbox 257 2306 433 2352; x_wconf 73' lang='lat' dir='ltr'><strong>Bentley;</strong></span> <span class='ocrx_word' id='word_1_245' title='bbox 454 2303 501 2349; x_wconf 77' lang='lat' dir='ltr'><strong>cf.</strong></span> <span class='ocrx_word' id='word_1_246' title='bbox 519 2303 677 2341; x_wconf 72' lang='lat' dir='ltr'><strong>Gronov.</strong></span> <span class='ocrx_word' id='word_1_247' title='bbox 705 2304 754 2339; x_wconf 80' lang='lat' dir='ltr'><strong>ad</strong></span> <span class='ocrx_word' id='word_1_248' title='bbox 779 2305 866 2352; x_wconf 70' lang='lat' dir='ltr'><strong>Thy.</strong></span> <span class='ocrx_word' id='word_1_249' title='bbox 889 2306 1081 2352; x_wconf 75' lang='grc'><strong>10121194</strong></span> <span class='ocrx_word' id='word_1_250' title='bbox 1101 2316 1177 2352; x_wconf 84' lang='lat' dir='ltr'><strong>qua</strong></span> <span class='ocrx_word' id='word_1_251' title='bbox 1196 2309 1224 2341; x_wconf 78' lang='lat' dir='ltr'><strong>:E</strong></span> <span class='ocrx_word' id='word_1_252' title='bbox 1243 2307 1256 2351; x_wconf 76' lang='lat' dir='ltr'>n</span> <span class='ocrx_word' id='word_1_253' title='bbox 1275 2309 1320 2340; x_wconf 77' lang='grc'><strong>95</strong></span> <span class='ocrx_word' id='word_1_254' title='bbox 1348 2316 1368 2341; x_wconf 88' lang='lat' dir='ltr'><strong>e</strong></span> <span class='ocrx_word' id='word_1_255' title='bbox 1395 2317 1513 2354; x_wconf 85' lang='lat' dir='ltr'><strong>regno</strong></span> 
     </span>
     <span class='ocr_line' id='line_1_37' title="bbox 143 2351 1518 2401; baseline -0.002 -8"><span class='ocrx_word' id='word_1_256' title='bbox 143 2355 236 2393; x_wconf 71' lang='lat' dir='ltr'><strong>ditis</strong></span> <span class='ocrx_word' id='word_1_257' title='bbox 261 2358 316 2392; x_wconf 56' lang='lat' dir='ltr'><strong>A«</strong></span> <span class='ocrx_word' id='word_1_258' title='bbox 333 2355 347 2400; x_wconf 82' lang='grc'><strong>11</strong></span> <span class='ocrx_word' id='word_1_259' title='bbox 365 2355 412 2389; x_wconf 81' lang='grc'><strong>96</strong></span> <span class='ocrx_word' id='word_1_260' title='bbox 435 2351 566 2389; x_wconf 83' lang='lat' dir='ltr'><strong>veniat</strong></span> <span class='ocrx_word' id='word_1_261' title='bbox 584 2355 622 2401; x_wconf 49' lang='grc' dir='ltr'><strong>,Δ</strong></span> <span class='ocrx_word' id='word_1_262' title='bbox 640 2352 686 2395; x_wconf 79' lang='lat' dir='ltr'><strong>ef.</strong></span> <span class='ocrx_word' id='word_1_263' title='bbox 714 2352 863 2389; x_wconf 72' lang='lat' dir='ltr'><strong>Richter</strong></span> <span class='ocrx_word' id='word_1_264' title='bbox 890 2353 939 2389; x_wconf 89' lang='lat' dir='ltr'><strong>K.</strong></span> <span class='ocrx_word' id='word_1_265' title='bbox 966 2353 1007 2389; x_wconf 91' lang='lat' dir='ltr'><strong>U.</strong></span> <span class='ocrx_word' id='word_1_266' title='bbox 1032 2364 1069 2399; x_wconf 80' lang='lat' dir='ltr'><strong>p.</strong></span> <span class='ocrx_word' id='word_1_267' title='bbox 1093 2355 1143 2390; x_wconf 78' lang='lat'><strong>24</strong></span> <span class='ocrx_word' id='word_1_268' title='bbox 1161 2355 1173 2400; x_wconf 80' lang='grc' dir='ltr'><strong>ΙΙ</strong></span> <span class='ocrx_word' id='word_1_269' title='bbox 1192 2357 1258 2389; x_wconf 90' lang='grc'><strong>100</strong></span> <span class='ocrx_word' id='word_1_270' title='bbox 1288 2354 1429 2390; x_wconf 78' lang='lat' dir='ltr'><strong>incitae</strong></span> <span class='ocrx_word' id='word_1_271' title='bbox 1455 2356 1518 2401; x_wconf 71' lang='lat' dir='ltr'><strong>An</strong></span> 
     </span>
     <span class='ocr_line' id='line_1_38' title="bbox 143 2399 1418 2447; baseline -0.002 -6"><span class='ocrx_word' id='word_1_272' title='bbox 143 2407 210 2440; x_wconf 74' lang='lat'><strong>104</strong></span> <span class='ocrx_word' id='word_1_273' title='bbox 228 2400 395 2440; x_wconf 82' lang='lat' dir='ltr'><strong>violatae</strong></span> <span class='ocrx_word' id='word_1_274' title='bbox 421 2402 564 2447; x_wconf 76' lang='grc' dir='ltr'>Δ11107</span> <span class='ocrx_word' id='word_1_275' title='bbox 594 2399 761 2436; x_wconf 76' lang='lat' dir='ltr'><strong>animum</strong></span> <span class='ocrx_word' id='word_1_276' title='bbox 788 2403 817 2435; x_wconf 79' lang='grc' dir='ltr'><strong>Δ</strong></span> <span class='ocrx_word' id='word_1_277' title='bbox 835 2402 847 2446; x_wconf 80' lang='grc' dir='ltr'><strong>ΙΙ</strong></span> <span class='ocrx_word' id='word_1_278' title='bbox 866 2404 930 2436; x_wconf 87' lang='grc'><strong>108</strong></span> <span class='ocrx_word' id='word_1_279' title='bbox 956 2400 1067 2437; x_wconf 83' lang='lat' dir='ltr'><strong>nobis</strong></span> <span class='ocrx_word' id='word_1_280' title='bbox 1094 2405 1124 2436; x_wconf 80' lang='lat' dir='ltr'>A</span> <span class='ocrx_word' id='word_1_281' title='bbox 1142 2403 1154 2445; x_wconf 74' lang='grc' dir='ltr'>Π</span> <span class='ocrx_word' id='word_1_282' title='bbox 1173 2405 1239 2437; x_wconf 80' lang='grc'>109</span> <span class='ocrx_word' id='word_1_283' title='bbox 1264 2402 1357 2438; x_wconf 84' lang='lat' dir='ltr'><strong>furit</strong></span> <span class='ocrx_word' id='word_1_284' title='bbox 1381 2410 1418 2446; x_wconf 83' lang='grc' dir='ltr'><strong>ψ</strong></span> 
     </span>
    </p>
   </div>
  </div>
 </body>
</html>
