1618 2554
167 138 254 182 358
604 139 642 174 L.
663 137 855 175 ANNAEI
880 134 1102 174 SENECAE

736 269 970 316 CHORVS

543 357 706 402 Verum
739 360 804 400 est
836 356 953 413 quod
983 355 1140 399 cecinit
1172 369 1292 399 sacer

453 418 662 461 Thressae
694 418 775 462 sub
808 416 1042 473 Rhodopes
1074 415 1189 474 iugis

452 481 606 536 aptans
638 477 824 523 Pieriam
857 477 1014 534 chelyn

453 539 651 596 Orpheus
683 537 905 595 Calliopae
937 552 1091 595 genus,

452 603 671 644 aeternum
705 599 801 642 fieri
831 597 953 642 nihil.
1443 608 1536 642 1085

542 658 666 704 Illius
699 660 820 703 stetit
852 659 905 702 ad
936 659 1089 702 modos

452 721 657 764 torrentis
687 721 828 777 rapidi
858 719 1018 777 fragor,

454 782 701 838 oblitusque
734 779 856 837 sequi
887 781 1038 838 fugam

451 843 598 885 amisit
629 843 774 898 liquor
804 841 1036 898 impetum3

452 905 495 945 et
528 903 629 945 dum
661 902 914 951 fluminibus
945 915 1068 945 mora
1099 903 1184 956 est,
1443 911 1536 944 1040

451 963 657 1006 defecisse
689 965 847 1019 putant
878 960 1011 1005 Getae

453 1023 648 1067 Hebrum
681 1023 883 1067 Bistones
914 1022 1070 1065 ultimi.

451 1084 624 1127 advexit
655 1085 875 1128 volucrem
908 1097 1061 1127 nemus

451 1148 494 1188 et
526 1145 634 1188 silva
664 1144 856 1188 residens
888 1143 1024 1189 venit:

451 1208 526 1248 aut
558 1206 594 1248 si
627 1220 713 1262 qua
743 1220 843 1248 aera
873 1205 1088 1261 pervolat,
1443 1213 1535 1247 1045

452 1265 610 1309 auditis
642 1280 753 1323 vaga
784 1264 982 1309 oantibus
1378 1277 1381 1281 ·

452 1327 540 1369 ales
573 1326 776 1370 deficiens
808 1326 939 1381 eadit3

451 1387 671 1443 abrumpit
703 1387 905 1443 scopulos
932 1385 1072 1429 Athos

451 1445 690 1490 Centauros
723 1447 862 1492 obiter
893 1448 1034 1490 ferens
1071 1501 1075 1505 Ι

452 1512 495 1550 et
526 1509 646 1550 iuxta
678 1507 923 1564 Rhodopen
955 1508 1076 1551 stetit
1442 1518 1536 1550 1050

451 1569 595 1611 laxata
627 1569 725 1612 nive
757 1568 974 1623 cantibus3

453 1632 496 1672 et
529 1643 734 1685 quercum
766 1629 938 1687 fugiens
970 1643 1091 1671 suam

452 1689 506 1732 ad
539 1692 681 1732 vatem
713 1692 918 1746 properat
947 1687 1107 1745 Dryas3

453 1750 507 1793 ad
538 1753 690 1793 cantus
721 1750 902 1793 veniunt
932 1752 1032 1792 tuos

451 1810 557 1866 ipsis
589 1825 687 1854 eum
719 1811 895 1854 latebris
927 1810 1063 1865 ferae,
1442 1819 1534 1852 1055

451 1871 658 1926 iuxtaque
689 1871 941 1927 inpavidum
974 1884 1105 1926 pecus

452 1930 562 1974 sedit
592 1930 874 1975 Marmaricus
905 1931 973 1975 leo

452 2004 530 2033 nec
561 1991 756 2035 dammae
786 1992 1006 2048 trepidant
1036 1992 1166 2047 lupos

262 2088 494 2120 1081—1130
531 2086 611 2122 bim'
648 2087 814 2133 quconei
857 2086 1045 2123 coniuncti
1082 2085 1268 2122 distinctis
1303 2085 1534 2142 simpulorum

165 2134 288 2170 initiis
312 2135 480 2179 ΕῙ11082
507 2145 573 2170 om.
594 2134 666 2169 Δ(τ)
697 2136 703 2181 1
724 2134 865 2180 rodope
891 2138 919 2170 Ε
944 2145 1036 2172 corr.
1057 2141 1094 2177 ψ
1119 2135 1132 2180 Η
1156 2137 1245 2169 1088
1272 2143 1305 2170 a.
1333 2133 1481 2180 pierian
1506 2137 1534 2169 Ε

167 2184 328 2230 tangens
349 2181 522 2218 treiciam
541 2184 572 2217 A
593 2182 600 2227 Ι
622 2182 771 2228 chelym
790 2195 827 2219 ω
853 2194 944 2219 corr.
969 2182 1118 2219 Gronov
1136 2183 1150 2228 ss
1167 2184 1258 2217 1084
1284 2180 1456 2228 caliopae
1475 2185 1504 2217 E
1523 2182 1536 2227 Ι

165 2233 254 2267 1088
280 2229 390 2277 fugas
417 2232 446 2265 A
477 2231 490 2276 μ
520 2231 750 2266 1040-—1042
775 2231 842 2266 del.
866 2230 1000 2276 Peiper
1030 2232 1042 2276 11
1073 2233 1157 2265 1041
1184 2229 1305 2266 Geten
1330 2231 1360 2265 A
1385 2228 1535 2275 (Uetae

135 2290 140 2293 ·
164 2278 327 2317 dativus’
357 2278 446 2325 Leo)
489 2279 501 2325 ΙΙ
545 2281 782 2315 1048-1047
818 2284 902 2324 post
933 2281 1021 2314 1048
1034 2281 1170 2313 -1051
1203 2278 1331 2324 posuit
1364 2277 1534 2324 Peipe'rss

165 2330 255 2363 1048
281 2326 434 2363 uoluere
459 2330 488 2362 Β
524 2327 537 2374 u
579 2330 667 2362 1045
696 2337 781 2363 aere
807 2331 834 2361 E
873 2329 884 2372 Η
922 2330 1010 2362 1048
1037 2326 1192 2373 abrupit
1217 2328 1247 2361 A
1283 2327 1296 2372 n
1332 2329 1423 2362 1049
1449 2335 1534 2361 cen-

164 2377 296 2411 taurus
322 2379 350 2410 E
393 2376 405 2421 ss
447 2377 537 2411 1050
562 2374 704 2420 rodope
730 2378 759 2409 A
796 2377 808 2420 ss
846 2378 930 2410 1051
955 2374 1136 2411 lassatam
1161 2378 1191 2409 Ε
1227 2376 1240 2420 η
1276 2377 1367 2410 1054
1393 2383 1478 2410 suos
1504 2376 1536 2409 A

166 2424 243 2460 suis
269 2432 305 2468 ψ
325 2427 336 2470 Η
356 2426 444 2459 1055
471 2423 552 2470 ipse
578 2426 607 2457 A
