1618 2554
174 126 234 171 96
615 122 654 158 L.
675 119 866 157 ANNAEI
892 115 1114 155 SENECAE

172 227 329 270 natura
358 223 506 267 vertit:
539 223 710 280 regeret
741 219 788 262 in
818 218 987 262 fontem
1019 217 1126 260 citas
1503 223 1550 257 85

173 286 399 330 revolutus
430 282 566 327 undas
598 281 739 324 amnis
770 281 814 322 et
845 280 1018 322 noctem
1051 277 1202 321 afferet

174 345 376 391 Phoebea
406 344 591 400 lampas,
622 341 844 398 Hesperus
875 339 1007 383 faciet
1039 338 1174 395 diem3

175 409 225 450 ut
257 406 311 450 ad
342 404 538 449 miserias
569 401 734 459 aliquid
765 399 941 445 accedat
972 413 1112 455 meas,

176 467 241 525 pii
273 480 447 523 quoque
478 464 650 508 erimus.
712 462 841 505 unica
871 459 1120 517 Oedipodae
1153 461 1219 502 est
1251 457 1388 514 salus,

176 542 266 571 non
297 541 391 570 esse
424 526 603 569 salvum.
665 523 794 567 liceat
825 521 978 565 ulcisci
1009 523 1181 577 patrem
1507 528 1554 562 90

178 586 319 631 adhuc
350 587 550 630 inultum.
614 585 767 628 dextra
798 582 904 639 quid
935 596 1077 625 cessas
1109 581 1225 624 iners

102 707 108 713 ἡ
179 649 353 707 exigere
385 647 578 704 poenas?
610 644 816 702 quicquid
848 646 1048 686 exactum
1080 644 1148 684 est
1179 640 1337 696 adhuc,

179 709 310 753 matri
342 707 510 752 dedisti.
572 706 698 750 mitte
731 704 942 762 genitoris
974 718 1171 758 manum,

179 771 375 813 animosa
405 768 563 825 virgoe
584 767 715 810 funus
748 764 944 809 extendis
976 779 1122 807 meum

179 830 419 888 longasque
450 828 541 872 vivi
574 827 695 871 ducis
727 825 932 883 exequias
964 825 1115 882 patris.
1512 833 1557 864 95

179 889 414 946 aliquando
448 892 562 933 terra
592 902 751 944 corpus
783 886 974 930 invisum
1006 888 1125 944 tege3

181 965 335 1008 peccas
367 950 552 993 honesta
581 951 751 1004 mente,
782 947 992 1004 pietatem
1024 960 1153 989 vocas

181 1014 351 1069 patrem
383 1009 650 1067 insepultum
682 1008 864 1052 trahere.
928 1007 1004 1063 qui
1036 1007 1156 1065 cogit
1188 1006 1300 1049 mori

182 1072 404 1115 nolentem
430 1071 475 1114 in
500 1085 637 1126 aequo
665 1073 730 1113 est
756 1069 917 1126 quique
943 1069 1250 1125 properantem
1272 1065 1477 1123 impedit3
1512 1075 1560 1108 99

182 1147 261 1176 1100
291 1135 439 1175 tamen
470 1131 516 1174 in
547 1146 685 1188 aequo
719 1133 801 1173 est:
833 1131 1019 1173 alterum
1051 1128 1230 1186 gravius
1261 1141 1378 1170 reor:
1491 1135 1557 1169 101

185 1192 378 1237 occidere
411 1195 476 1235 est
506 1194 652 1235 vetare
684 1191 930 1248 cupientem
962 1189 1074 1232 mori
1492 1196 1562 1229 100

186 1254 305 1297 malo
339 1252 543 1309 imperari
577 1267 707 1308 quam
740 1251 850 1308 eripi
881 1253 1068 1295 mortem
1100 1249 1221 1292 mihi.
1494 1257 1562 1290 102

188 1314 350 1357 desiste
382 1315 559 1370 coepto,
590 1313 733 1370 virgo:
765 1312 834 1355 ius
865 1312 981 1355 vitae
1011 1325 1062 1354 ac
1092 1310 1212 1354 necis

185 1389 308 1418 meae
339 1388 471 1430 penes
502 1389 571 1416 me
604 1376 680 1416 est.
744 1387 878 1431 regna
911 1371 1081 1415 deserui
1113 1370 1276 1427 libens,

186 1449 371 1492 regnum
402 1434 489 1477 mei
520 1434 699 1476 retineo.
762 1433 800 1477 si
831 1432 918 1476 fida
950 1448 995 1476 es
1028 1446 1192 1486 comeS,
1496 1440 1565 1473 105

187 1510 334 1539 ensem
365 1496 536 1551 parenti
568 1494 708 1550 trade,
740 1493 815 1537 sed
846 1498 1001 1537 notum
1032 1507 1137 1537 nece

187 1570 334 1600 ensem
366 1558 556 1613 paterna.
619 1554 786 1597 tradis?
817 1569 873 1597 an
905 1553 1027 1612 gnati
1059 1555 1212 1597 tenent

188 1631 288 1660 cum
319 1630 454 1673 regno
487 1618 531 1659 et
562 1615 716 1659 illum?
747 1615 940 1658 facinore
971 1614 1236 1670 ubicumque
1269 1614 1335 1657 est
1367 1625 1497 1669 opus,

188 1677 252 1720 ibi
283 1676 359 1732 sit3
391 1676 602 1733 relinquo.
665 1677 794 1718 natus
825 1675 942 1718 hunc
973 1674 1133 1719 habeat
1165 1688 1307 1729 meus,

189 1738 265 1781 sed
296 1739 490 1793 uterque.
551 1737 748 1779 flammas
775 1736 922 1792 potius
955 1739 999 1779 et
1029 1737 1203 1779 vastum
1235 1747 1441 1792 aggerem
1499 1742 1570 1775 110

190 1811 419 1855 compone3
452 1798 498 1840 in
529 1797 642 1840 altos
674 1796 767 1853 ipse
799 1811 869 1840 me
901 1796 1137 1840 immittam
1170 1793 1320 1854 rogos,

191 1857 398 1916 [haerebo
432 1857 485 1901 ad
517 1858 659 1915 ignes,
690 1857 917 1900 funebrem
949 1856 1176 1900 escendam
1210 1856 1395 1910 struem]

191 1922 432 1977 pectusque
463 1917 631 1961 solvam
665 1917 820 1961 durum
854 1920 897 1960 et
929 1918 974 1960 in
1006 1918 1194 1961 cinerem
1225 1916 1340 1959 dabo

191 1980 276 2025 hoc
309 1978 517 2036 quicquid
548 1979 594 2020 in
625 1994 695 2021 me
727 1979 846 2021 vivit.
909 1978 986 2021 ubi
1018 1992 1194 2021 saevum
1226 1980 1292 2020 est
1324 1975 1474 2020 mare?

290 2125 337 2158 85
362 2122 485 2158 vertet
509 2123 540 2156 Δ
571 2123 583 2167 Η
614 2124 661 2156 94
686 2121 832 2157 animos
858 2121 906 2157 Ει
930 2132 1021 2158 corr.
1044 2120 1092 2157 ΕΞ
1122 2123 1134 2168 ῃ
1171 2123 1218 2157 98
1244 2119 1480 2166 alinquando
1505 2122 1535 2154 Ε
1558 2119 1573 2166 Ι

194 2174 242 2208 99
267 2170 430 2216 quisque
453 2174 483 2205 Ε
516 2171 529 2215 ss
558 2172 625 2204 100
646 2173 731 2215 post
754 2173 816 2204 101
837 2170 965 2215 posuit
992 2170 1026 2206 T
1024 2170 1157 2214 achau,
1185 2171 1283 2216 (post
1306 2172 1375 2204 102
1395 2170 1576 2215 posuerat

195 2219 376 2265 Richter),
395 2218 463 2255 del.
484 2217 561 2254 Leo
580 2218 658 2254 coll.
676 2217 772 2253 Hor.
793 2218 843 2254 ad
862 2219 942 2255 Pis.
954 2221 1039 2254 467.
1078 2219 1124 2262 cf.
1140 2218 1199 2254 M.
1215 2217 1359 2255 Malla·
1371 2229 1411 2264 p.
1431 2219 1540 2263 2939.
1562 2215 1575 2264 ῃ

195 2271 260 2304 105
286 2267 320 2304 si
344 2266 438 2303 fides
464 2277 589 2302 comes
614 2270 643 2300 Ε
668 2266 681 2311 ss
704 2269 770 2300 108
795 2265 915 2302 faciet
937 2278 974 2302 11.
996 2277 1026 2302 0.
1048 2278 1143 2312 opus
1169 2270 1198 2301 Ε
1230 2265 1257 2303 f.
1277 2278 1314 2302 u.
1335 2276 1366 2302 e.
1395 2264 1518 2302 scelus
1543 2266 1575 2300 A

194 2327 288 2354 corr.
309 2316 386 2353 Leo
411 2316 479 2351 1‘2
514 2315 527 2361 u
564 2317 626 2350 112
651 2313 718 2349 del.
741 2314 893 2351 Richter
923 2316 928 2361 1
963 2314 1120 2351 funebre
1147 2314 1351 2352 escendam
1376 2314 1520 2350 struem
1544 2316 1574 2348 Ε
1616 2331 1618 2338 =

197 2366 362 2402 erectam
394 2364 446 2402 ad
475 2363 584 2410 ignes
615 2361 814 2398 funebrem
845 2363 1049 2399 ascendam
1076 2365 1219 2399 struem
1244 2366 1274 2398 Δ
1311 2361 1463 2399 funebri
1489 2360 1575 2398 abs-

198 2413 341 2451 condar
365 2414 469 2448 strue
495 2412 571 2449 Leo
596 2411 738 2447 11378
757 2412 769 2456 n
788 2414 848 2447 113
877 2411 1019 2447 cineres
1046 2415 1075 2446 A
