1618 2554
118 160 221 197 XXX
668 159 947 197 PRAEFATIO

218 260 410 303 ‘Senecta
442 264 551 302 tritis
584 265 625 302 et
655 263 777 315 longa
809 263 964 303 saciata
995 258 1103 302 vita'
1136 259 1206 316 [H.
1227 262 1248 303 I
1274 259 1424 316 8496]

121 322 179 363 of.
212 323 486 363 wattenbach
515 323 592 362 Die
623 322 823 376 Apologie
854 323 923 363 des
955 322 1001 362 G.
1027 336 1063 362 v.
1090 323 1137 362 B.
1162 335 1200 374 p.
1224 324 1278 363 19
1333 323 1371 363 S.
1391 323 1436 363 B.
1458 324 1496 364 d.

119 384 301 424 Berliner
331 383 552 424 Ak.1893
579 383 693 423 XXV
726 385 827 434 413,
857 383 1023 423 Richter
1053 382 1101 421 Κ.
1129 382 1177 422 U.
1203 397 1242 434 p.
1264 318 1346 438 Ssg

212 445 278 484 19.
311 444 583 485 Richardus
615 443 670 483 de
703 444 990 494 Ἑο111111ν61,
1022 444 1217 484 ecclesiae
1243 443 1498 486 Amienensis

118 504 398 555 cancellarius,
436 505 508 556 qui
542 503 675 543 medio
719 504 858 544 floruit
898 474 1020 544 tertio
1063 504 1218 544 decimo
1256 504 1414 545 saeculo
1451 506 1497 544 in

117 563 390 605 Biblionomia
439 559 611 619 (Delisle
655 565 693 604 le
743 565 903 604 cabinet
954 564 1027 604 des
1070 576 1188 605 mser.
1225 564 1267 605 Π
1306 565 1393 604 514
1408 576 1496 617 sqq

117 625 198 664 tab.
219 624 290 675 XI,
313 626 409 664 129
472 624 668 665 Manitius
700 624 774 663 Rh.
798 625 900 664 Mus.
918 624 968 663 N.
995 625 1039 664 F.
1061 626 1117 664 47
1145 624 1499 712 Erganzungsheft

118 684 157 724 S
181 685 254 736 lff,
287 685 326 724 S.
349 686 418 738 46,
449 685 596 737 Peiper
626 686 687 725 De
709 685 797 724 Sen.
818 689 921 737 trag.
941 685 966 723 1.
987 699 1024 725 v.
1044 699 1082 736 p.
1106 679 1171 739 6):

208 745 325 785 Lucii
355 746 488 785 Annei
521 744 667 785 Senece
701 744 966 785 Cordubensis
1004 744 1108 784 liber
1144 710 1419 798 tragediarum
1454 748 1497 786 et

117 808 212 846 sunt
251 818 417 846 numero
459 805 611 855 decem,
652 806 806 845 scilicet
846 805 1039 846 Hercules
1076 805 1247 857 Furens,
1276 806 1496 857 Thyestes,

118 865 321 918 Thebays,
353 866 560 918 Ypolitus‚
592 866 793 918 Edippus,
824 866 969 917 Troas,
1005 865 1166 917 Medea,
1202 866 1494 919 Agamemnon,

117 925 287 966 Octavia
325 929 366 966 et
403 923 594 967 Hercules
626 926 791 966 Etheus.
842 927 945 966 Item
982 926 1101 966 ludus
1139 925 1316 966 eiusdem
1348 926 1495 967 Senece

116 986 165 1026 de
195 989 323 1027 morte
356 986 515 1027 Claudii
545 987 727 1027 Neronis.

206 1047 268 1086 En
290 1048 496 1099 exemplar
514 1047 784 1099 interpolatae
809 1047 1051 1088 recensionis
1077 1041 1153 1101 (A)
1179 1047 1368 1099 primum,
1386 1047 1495 1100 quod

113 1108 242 1158 ipsius
282 1107 407 1147 medii
448 1109 538 1147 aevi
576 1107 826 1158 temporibus
867 1108 1091 1158 usquedum
1131 1108 1268 1159 potuit
1306 1107 1495 1161 indagari

115 1162 302 1221 (Richter
331 1166 380 1207 K.
407 1167 456 1207 U.
483 1182 521 1220 p.
551 1169 575 1208 6
603 1181 641 1207 n.
670 1163 735 1223 3),
772 1167 878 1207 unde
915 1181 996 1207 non
1027 1169 1163 1220 inepte
1200 1168 1414 1208 conjeceris
1442 1181 1494 1208 ex

114 1227 238 1268 Italia
271 1229 440 1279 antiquo
472 1230 652 1280 tempore
676 1230 800 1268 istam
829 1229 1100 1268 recensionem
1131 1228 1174 1266 in
1201 1226 1378 1268 Galliam
1408 1241 1494 1269 esse

114 1289 356 1328 translatam
388 1290 510 1339 atque
541 1283 784 1344 diffusam.*)
834 1288 926 1328 Non
956 1290 1093 1328 tamen
1123 1289 1168 1326 in
1192 1287 1316 1328 Italia
1346 1301 1494 1341 propa-

115 1349 204 1400 gari
242 1348 379 1399 desiit,
415 1348 460 1387 id
498 1349 605 1400 quod
643 1349 738 1388 libri
775 1362 800 1389 a
836 1348 1130 1390 vetustioribus
1163 1344 1281 1389 Italis
1319 1348 1494 1389 adhibiti

114 1408 338 1448 luculenter
370 1409 596 1448 ostendunt.
627 1422 756 1461 neque
786 1409 937 1449 directo
966 1408 1104 1449 ordine
1132 1408 1175 1448 in
1203 1407 1338 1449 Gallia
1362 1422 1384 1449 e
1408 1409 1492 1460 pri-

114 1469 243 1508 mario
269 1468 444 1520 quodam
469 1469 580 1509 fonte
605 1469 731 1510 fluxit.
788 1470 895 1509 Nam
919 1470 1113 1520 florileyia
1138 1471 1179 1509 et
1204 1471 1381 1520 excerpta
1407 1470 1493 1510 illis

115 1528 283 1570 saeculis
308 1530 351 1568 in
371 1542 419 1569 ea
442 1529 651 1581 provincia
671 1543 692 1569 6
712 1529 885 1583 Senecae
910 1529 1129 1582 tragoediis
1150 1530 1332 1570 confecta
1349 1542 1492 1581 quam-

114 1601 238 1640 quam
271 1589 322 1628 ad
353 1590 643 1640 interpolatam
673 1590 944 1630 recensionem
974 1589 1143 1630 redeunt
1173 1591 1320 1641 omnia,
1350 1602 1399 1629 ex
1429 1590 1492 1629 di-

114 1650 240 1689 versis
272 1651 409 1689 tamen
440 1649 741 1702 tragoediarum
773 1650 1065 1701 exemplaribus
1097 1648 1275 1690 delibata
1306 1661 1390 1690 6556
1421 1663 1492 1690 116·

115 1710 264 1749 minem
302 1710 433 1762 fugiet
471 1711 696 1750 accuratius
729 1723 777 1750 ea
809 1711 1114 1750 examinantem.
1177 1709 1309 1756 Quare
1345 1722 1427 1750 non
1465 1723 1492 1750 a

113 1782 177 1809 me
215 1769 433 1821 impetrare
470 1766 603 1821 potui,
641 1773 688 1811 ut
725 1771 947 1815 sententiae
987 1770 1036 1810 de
1076 1770 1290 1822 peculiari
1312 1770 1490 1821 quodam

113 1831 227 1869 textu
266 1828 423 1871 Gallico
461 1843 486 1870 a
523 1830 691 1882 Peipero
728 1831 912 1882 prolatae
952 1825 1033 1885 (De
1066 1829 1154 1870 Sen.
1186 1832 1237 1870 tr.
1262 1830 1290 1869 l.
1316 1843 1353 1870 v.
1379 1844 1418 1882 p.
1442 1825 1488 1886 6)

116 1889 344 1929 accederem
383 1885 449 1944 (Κ.
476 1889 525 1929 U.
551 1904 589 1942 p.
614 1885 700 1945 13).
765 1889 843 1931 Sed
880 1891 1104 1931 luculenter
1142 1891 1216 1941 illa
1259 1890 1491 1942 ostendunt,

61 1957 65 1962 ·
114 1950 226 1990 nullo
264 1952 444 2001 tempore
483 1950 667 2008 defuisse,
706 1952 776 2001 qui
813 1950 985 1990 Senecae
1022 1939 1241 2002 tragoediis
1278 1951 1322 1989 in
1353 1949 1489 1991 Gallia

116 2023 278 2062 operam
310 2009 464 2060 darent,
489 2005 734 2061 quamquam
765 2024 846 2051 non
877 2023 926 2050 ea
954 2013 1087 2050 mente
1112 2011 1158 2049 ut
1184 2011 1283 2050 611115
1307 2011 1488 2063 tragicae

115 2071 223 2123 leges
250 2070 505 2126 explorarent
530 2071 593 2110 vel
619 2072 797 2123 tragicae
816 2072 948 2123 poesis
966 2070 1162 2110 fructibus
1181 2070 1487 2121 delectarentur,

117 2129 186 2171 sed
205 2132 340 2171 animo
360 2124 412 2171 ad
436 2130 606 2171 morales
627 2132 846 2171 sententias
873 2144 919 2170 ex
942 2133 1063 2182 poeta
1088 2130 1230 2172 ethicis
1261 2133 1488 2182 praeceptis

209 2293 242 2334 ³)
267 2293 382 2330 Liber
400 2293 557 2341 quidam
576 2293 720 2329 saeculi
739 2293 844 2329 XII
833 2306 873 2329 m
894 2293 1050 2330 civitate
1077 2293 1244 2339 Bourgee
1270 2295 1487 2331 asservatus

113 2341 271 2386 (Delisze
295 2341 348 2379 II
373 2344 474 2387 508,
492 2342 684 2378 Manitius
710 2353 748 2388 p.
770 2344 834 2387 45)
867 2341 923 2377 ita
951 2342 993 2378 in
1027 2340 1203 2396 catalogo
1232 2342 1485 2388 perscriptus:

115 2389 273 2425 ‘Lucius
299 2388 443 2427 Ennius
468 2389 552 2437 (sic)
578 2388 721 2426 Seneca
747 2386 1019 2426 Cordubeneis’
1047 2393 1138 2425 n'um
1157 2389 1376 2436 tragoedias
1397 2401 1486 2426 con·

112 2437 270 2475 tinuerit
293 2449 478 2485 perquam
503 2437 659 2473 dubium
687 2449 724 2473 65
726 2439 754 2474 t.
