1618 2554
646 136 926 173 PRAEFATIO
1388 138 1476 176 XIX

99 238 368 290 continentur,
393 239 635 279 auctoritate
659 238 920 279 diiudicanda
944 239 1022 279 soli
1047 241 1194 280 aetatis
1219 239 1474 282 differentiae

98 299 268 339 nimium
303 298 518 339 tribuatur.
553 307 557 319 “
582 298 649 339 Sic
686 301 794 340 enim
829 312 892 340 res
930 311 973 340 se
1016 300 1157 351 habet,
1193 302 1241 340 ut
1277 301 1402 342 codex
1435 303 1478 342 Σ

99 360 344 411 quamquam
380 360 521 400 multis
557 360 740 413 vestigiis
782 361 1052 411 antiquiorem
1092 362 1234 401 ceteris
1275 363 1474 416 originem

96 418 250 472 prodit,
280 432 328 460 ex
358 421 619 469 vitiosissimo
651 422 870 474 exemplari
903 433 927 461 a
955 421 1087 461 scriba
1116 422 1318 463 incurioso
1349 435 1397 463 ac
1421 437 1473 464 ne

98 492 124 519 a
147 479 326 520 novandi
351 481 516 531 quidem
543 480 711 521 libidine
735 493 901 534 prorsus
929 481 1062 522 alieno
1094 482 1382 535 transscriptus
1407 484 1474 534 sit,

96 541 144 580 ut
186 541 463 581 communibus
510 542 691 582 omnium
736 541 936 582 erroribus
979 542 1236 594 propriorum
1279 544 1475 584 vitiorum

95 600 204 654 baud
234 601 381 654 exigua
410 601 536 651 moles
570 602 795 642 adderetur.
858 601 990 649 Quare
1028 602 1080 642 ad
1118 605 1336 655 genuinam
1366 617 1474 644 eom-

94 661 228 701 munia
260 661 472 714 archetypi
502 663 715 703 lectionem
750 663 1076 716 investigandam
1112 664 1248 704 aliena
1286 677 1361 716 ope
1391 678 1474 705 non

94 724 230 774 potest
269 723 409 762 careri.
476 722 588 763 Haec
625 726 761 763 autem
795 737 895 763 num
932 736 957 762 a
998 724 1038 763 Φ
1075 726 1116 764 et
1146 723 1180 763 L
1216 725 1473 776 potissimum

94 782 270 834 petenda.
306 784 362 822 sit
395 783 529 833 libris,
566 783 686 823 valde
723 784 881 834 dubito,
913 797 1006 825 nam
1045 785 1088 824 hi
1120 798 1300 837 quoque,
1332 798 1473 837 quam-

94 855 217 893 quam
247 843 371 894 paulo
396 844 539 884 ceteris
564 845 816 895 vetustiores,
842 846 1076 885 correctoris
1103 846 1168 886 vel
1198 847 1324 887 etiam
1347 847 1472 887 inter-

93 903 290 956 polatoris
320 917 484 943 manum
511 905 622 944 haud
651 917 745 946 raro
768 906 879 956 passi
907 907 1011 945 sunt.
1061 906 1186 945 Velut
1215 920 1253 946 v.
1282 907 1337 947 86
1365 907 1472 958 quod

93 965 133 1004 1.
161 963 329 1016 praebet
358 977 451 1004 cum
482 964 610 1005 altero
642 966 878 1017 exemplaris
907 966 947 1005 Φ
977 966 1211 1019 apographo
1237 960 1310 1023 (Q)
1339 966 1473 1017 fulvos

93 1036 167 1075 pro
204 1035 355 1070 saevos,
391 1037 502 1064 mera
541 1028 603 1065 est
643 1023 905 1078 interpolatio
949 1026 1002 1066 ad
1045 1027 1256 1067 vitandam
1292 1027 1472 1069 eiusdem

93 1084 282 1125 vocabuli
323 1086 608 1136 repetitionem
652 1087 898 1140 excogitata3
948 1087 998 1126 cf.
1037 1101 1073 1127 v.
1108 1087 1194 1127 392
1240 1088 1348 1129 adsit
1391 1087 1471 1128 ΦΕ

96 1145 182 1184 399
214 1147 366 1185 terram
398 1146 456 1195 Φ,
493 1146 580 1186 489
623 1147 819 1197 sapientia
856 1159 972 1187 sacra
1006 1147 1103 1198 ΦΙι,
1142 1148 1228 1187 583
1253 1148 1472 1198 permittat

98 1203 180 1244 ΦΙ,
212 1204 307 1254 alia,
331 1217 422 1245 cum
447 1204 599 1246 ordinis
621 1207 669 1246 H
689 1207 843 1248 codices
871 1207 982 1247 haud
1005 1209 1128 1248 semel
1153 1221 1243 1248 cum
1267 1211 1311 1249 Σ
1332 1211 1472 1251 coniza
1539 1250 1545 1255 ,

97 1265 136 1304 Φ
174 1265 239 1305 vel
275 1264 310 1305 L
347 1267 577 1317 conspirent
614 1261 683 1322 (cf.
722 1281 754 1307 e.
792 1281 830 1320 g.
869 1280 904 1307 v.
939 1269 1046 1318 207,
1085 1269 1192 1319 291,
1230 1269 1317 1310 392
1356 1265 1471 1325 alia).

94 1323 201 1372 Quid
232 1325 341 1377 quod
367 1325 457 1369 Lno
487 1327 587 1379 ipse,
612 1339 705 1367 cum
734 1328 913 1369 codicem
936 1327 971 1367 L
1002 1342 1094 1368 cum
1119 1329 1293 1370 Hercule
1317 1328 1470 1372 Oetaeo

94 1385 303 1437 conferret,
322 1386 441 1426 illum
460 1400 621 1440 quoque
642 1385 705 1428 ‘ut
721 1389 765 1427 in
780 1388 905 1429 Italia
922 1386 1151 1441 plerosque’
1171 1392 1257 1430 tam
1273 1391 1468 1431 infectum

91 1447 249 1485 invenit
278 1447 660 1499 interpolationibus
692 1443 754 1503 (et
784 1451 1022 1490 correcturis
1054 1464 1100 1489 ex
1131 1450 1302 1491 Etrusco
1333 1452 1469 1492 oriun-

91 1501 174 1561 dis)
181 1501 238 1561 ¹⁸),
255 1507 304 1547 ut
322 1510 454 1548 totum
473 1511 657 1550 excutere
676 1522 823 1561 operae
839 1511 1016 1562 pretium
1035 1524 1115 1552 non
1135 1510 1298 1551 duceret
1311 1507 1363 1566 (L
1376 1507 1467 1567 42).

184 1565 316 1614 Quare
348 1581 435 1608 cum
470 1569 570 1609 adeo
600 1572 788 1622 suspecta
817 1572 872 1611 sit
903 1570 1083 1611 codicum
1111 1570 1151 1611 Φ
1176 1574 1217 1612 et
1238 1570 1274 1612 L
1302 1571 1401 1613 fides
1427 1575 1469 1613 et

90 1628 325 1678 auctoritas,
355 1629 514 1669 vitiosis
546 1626 786 1682 exemplaris
812 1633 854 1670 Σ
876 1631 1087 1684 scripturis
1113 1631 1287 1673 validior
1310 1633 1468 1673 medela

90 1687 256 1728 aliunde
292 1689 372 1729 erit
406 1690 775 1743 circumspicienda.
839 1691 938 1732 Tale
975 1695 1111 1732 autem
1148 1692 1372 1733 subsidium
1414 1694 1466 1734 ab

91 1749 149 1788 eis
173 1748 289 1788 libris
315 1750 567 1802 suppeditari
591 1750 763 1802 videtur,
783 1765 883 1802 quos
908 1763 934 1792 a
952 1754 1112 1793 vetusto
1137 1753 1211 1793 ino
1233 1754 1466 1805 exemplari,

87 1807 195 1848 unde
228 1811 269 1849 et
298 1809 590 1851 'lu-evethianus
623 1811 744 1853 codex
775 1814 818 1852 et
847 1814 1087 1853 vetustiores
1117 1813 1247 1854 Italae
1276 1813 1464 1855 lectionis

87 1867 184 1908 libri
215 1869 411 1922 originem
445 1870 609 1922 ducunt,
641 1873 878 1924 repetendos
914 1885 998 1914 esse
1033 1870 1161 1925 supr?
1188 1872 1463 1915 demonstravi

89 1922 148 1983 (p.
165 1930 218 1968 11
231 1925 322 1985 δᾳ),
346 1930 437 1971 dico
457 1931 611 1972 codices
630 1932 955 1986 Bhedigeranum
977 1929 1120 1988 10⁸0),
1136 1947 1263 1974 unum
1281 1946 1329 1975 ex
1346 1947 1462 1987 prae·

183 2079 216 2127 ‘)
245 2080 350 2118 Haec
374 2082 500 2127 verba,
526 2085 570 2119 ut
599 2095 624 2121 a
649 2083 907 2131 superioribus
938 2094 1190 2132 segregarem,
1221 2085 1370 2122 uncinis
1402 2086 1460 2122 in-

86 2127 194 2173 clusi,
218 2129 401 2178 quoniam
422 2131 522 2168 m'hil
545 2131 598 2168 ad
621 2131 720 2170 hanc
745 2142 843 2189 quae
867 2144 968 2170 nunc
993 2132 1122 2180 agitur
1146 2144 1226 2171 rem
1250 2133 1409 2172 faciunt.

164 2176 218 2224 ”)
252 2176 311 2214 Ex
341 2179 477 2216 ceteris
509 2178 788 2228 Rhedigerams
824 2180 928 2217 eolus
958 2181 1052 2217 R12
1084 2181 1223 2230 dignus
1255 2183 1314 2219 est
1351 2182 1458 2220 cuius

86 2225 318 2262 mentionem
340 2226 492 2264 faciam.
535 2227 629 2266 Eius
654 2228 866 2276 scripturae
891 2230 1015 2266 denuo
1041 2241 1064 2266 a
1089 2229 1250 2277 Peipero
1276 2233 1458 2267 enotatae

86 2272 127 2308 in
154 2273 286 2310 multia
313 2286 399 2311 cum
422 2275 559 2312 Leonis
586 2278 618 2313 Φ
650 2277 903 2315 consentiunt.
952 2277 1059 2315 Idem
1090 2278 1195 2316 cadit
1219 2278 1260 2314 in
1286 2279 1456 2316 codicem

86 2319 311 2358 Urbinatem
348 2335 384 2359 n.
417 2327 486 2360 355
526 2324 675 2372 (Peiper
705 2325 744 2363 L,
769 2325 815 2364 V.
841 2337 878 2373 p.
905 2326 941 2372 6)
974 2337 999 2363 a
1028 2326 1268 2363 Tsehiedelio
1306 2326 1456 2374 Peiperi

86 2371 223 2416 rogatu
258 2369 550 2418 diligentissime
585 2384 670 2410 cum
702 2373 869 2411 editione
899 2373 1224 2411 Weidmanniana
1262 2374 1454 2412 collatum.

87 2415 211 2460 Quare
242 2419 400 2465 uterque
433 2420 537 2466 (R12
558 2420 605 2467 U)
636 2421 684 2457 iis
716 2421 823 2458 libris
857 2422 1164 2460 adnumerandus
1203 2425 1276 2470 est,
1307 2424 1373 2470 qui
1406 2423 1456 2459 ad

1195 2483 1239 2517 bt
