1618 2554
626 103 880 142 THYESTES
1353 105 1444 150 285
1487 143 1497 154 ,

64 205 199 275 longe
227 206 421 249 remotos
451 205 573 247 tutus
605 203 783 247 exaudit
813 218 956 248 sonos.
1407 248 1409 251 ,

66 265 155 310 iam
185 263 328 310 Lerna
354 266 472 309 retro
504 264 634 308 cessit
663 266 708 308 et
737 262 1008 309 Phoronides
1373 275 1444 309 116

64 326 232 370 latuere
262 338 398 369 venae
428 339 510 368 nec
540 339 640 368 suas
671 325 839 382 profert
870 339 991 369 sacer

63 384 264 444 Alpheos
294 384 434 430 undas
464 388 509 429 et
540 383 814 429 Cithaeronis
846 385 950 445 iuga

66 449 187 492 stant
215 448 339 504 parte
369 446 493 490 nulla
524 460 631 490 cana
661 446 860 503 deposita
890 447 991 490 nive

64 507 311 564 timentque
341 508 531 550 veterem
562 506 733 551 nobiles
760 505 868 565 Argi
901 507 1032 550 sitim.

65 582 123 612 en
153 568 247 626 ipse
270 566 403 613 Titan
433 566 607 611 dubitat
636 582 693 611 an
724 566 873 610 iubeat
904 567 1028 625 sequi
1376 577 1446 611 120

65 630 283 687 cogatque
311 627 495 672 habenis
527 628 590 671 ire
619 628 862 685 periturum
895 628 1022 672 diem.

636 770 871 817 CHORVS

378 855 523 914 Argos
556 856 608 899 de
640 858 809 913 superis
842 857 880 900 si
912 858 1010 914 quis
1035 856 1278 902 Achaicum

287 916 549 973 Pisaeasque
581 917 735 962 domos
767 918 967 961 curribus
998 918 1191 974 inclitas,

286 977 445 1022 Isthmi
477 978 515 1020 si
546 978 644 1034 quis
677 982 795 1022 amat
825 993 960 1036 regna
991 977 1210 1022 Corinthii

288 1041 333 1081 et
363 1040 517 1095 portus
550 1038 749 1096 geminos
780 1041 824 1082 et
855 1054 973 1082 mare
1004 1038 1236 1095 dissidens,
1378 1050 1447 1083 125

289 1098 327 1142 si
359 1098 457 1155 quis
483 1097 667 1156 Taygeti
699 1099 958 1157 conspicuas
989 1100 1130 1154 nives,

287 1172 396 1216 quas
428 1172 528 1202 cum
561 1158 826 1204 Sarmaticus
857 1162 1055 1217 tempore
1085 1161 1246 1218 frigido

288 1219 336 1262 in
366 1219 547 1263 summis
578 1218 741 1263 Boreas
773 1221 1023 1277 composuit
1053 1221 1187 1279 iugis,

287 1282 428 1323 aestas
459 1280 652 1324 veliferis
684 1281 818 1324 solvit
846 1280 1028 1336 Etesiis,

288 1355 418 1397 quem
450 1340 594 1398 tangit
625 1340 770 1399 gelido
803 1340 982 1385 flumine
1014 1341 1186 1386 lucidus
1378 1353 1449 1386 130

289 1399 504 1458 Alpheos,
537 1401 678 1445 stadio
709 1404 840 1446 notus
873 1401 1124 1459 Olympico,

289 1460 487 1515 advertat
518 1461 739 1518 placidum
771 1477 934 1506 numen
965 1466 1009 1506 et
1040 1465 1201 1519 arceat,

290 1522 480 1565 alternae
513 1522 724 1566 scelerum
755 1538 810 1566 ne
840 1523 1019 1567 redeant
1049 1523 1166 1567 vices

200 1593 207 1606 ’
288 1595 368 1625 nee
400 1583 603 1627 succedat
633 1598 714 1627 avo
747 1583 935 1627 deterior
965 1598 1101 1640 nepos

289 1644 333 1686 et
363 1643 504 1687 maior
532 1644 704 1701 placeat
735 1645 865 1701 culpa
895 1645 1150 1688 minoribus.
1381 1655 1449 1688 135

289 1702 465 1747 tandem
497 1704 613 1748 lassa
643 1705 758 1749 feros
790 1707 921 1748 exuat
952 1706 1142 1761 impetus

289 1762 393 1806 sicci
424 1765 655 1823 progenies
688 1765 824 1823 impia
849 1764 1033 1809 Tantali.

379 1823 612 1869 Peccatum
643 1826 749 1870 satis
782 1828 866 1882 est3
896 1826 962 1868 fas
994 1826 1133 1869 valuit
1163 1825 1276 1870 nihil

289 1887 365 1927 aut
396 1899 626 1930 commune
657 1886 791 1930 nefas.
853 1886 1051 1943 proditus
1083 1887 1243 1930 occidit

290 1943 495 2003 deceptor
526 1946 692 1991 domini
722 1946 948 2005 Myrtilus,
977 1949 1022 1990 et
1051 1947 1137 1991 fide
1382 1956 1451 1989 140

289 2007 440 2050 vectus
472 2020 559 2063 qua
589 2006 732 2053 suerat
761 2007 909 2052 nobile
939 2007 1128 2051 reddidit

170 2149 232 2183 114
257 2146 351 2183 litus
374 2151 404 2184 Β
435 2148 537 2185 latus
562 2152 592 2184 A
623 2161 714 2188 corr.
744 2150 956 2189 Koetschau
987 2150 1125 2195 (laetus
1152 2151 1204 2188 L
1190 2150 1309 2198 ipsius
1339 2150 1364 2185 1.
1393 2161 1451 2185 re-

77 2196 178 2233 moto
201 2194 295 2232 litus
320 2196 492 2234 extendit
517 2196 598 2236 salo
624 2199 795 2246 Bentley)
830 2200 844 2246 1
880 2202 941 2235 115
967 2199 1045 2236 iam
1070 2201 1173 2236 terra
1197 2203 1226 2235 Ε
1258 2201 1270 2245 11
1304 2202 1366 2235 ue
1392 2209 1452 2234 sa-

73 2253 158 2281 cras
183 2255 221 2280 ω
253 2254 344 2281 corr.
379 2245 530 2283 Gronov
571 2248 586 2293 11
627 2250 687 2284 117
715 2246 886 2294 Alpheus
911 2251 943 2285 A
983 2249 997 2295 11
1039 2251 1105 2284 123
1132 2247 1352 2293 Pisaeisque
1377 2255 1415 2292 ψ
1439 2247 1451 2312 1

74 2291 243 2329 turribus
268 2293 300 2327 Δ
348 2295 415 2330 124
440 2293 604 2331 chorinti
628 2298 658 2331 Β
685 2296 699 2343 11
725 2299 788 2331 131
813 2295 974 2343 alpheus
1000 2298 1031 2332 A
1049 2298 1062 2342 11
1087 2300 1154 2332 188
1179 2295 1367 2343 placitum
1391 2293 1451 2342 E'}
1439 2315 1451 2390 ἱ,

73 2342 141 2376 184
166 2351 240 2377 neu
265 2351 294 2377 a
368 2344 433 2377 187
459 2342 687 2391 progeniges
717 2346 748 2378 B
783 2345 798 2391 11
834 2347 900 2380 189
935 2344 986 2380 ad
1017 2344 1257 2382 ο.11.ΒοεῙιε
1289 2346 1344 2390 (at
1369 2345 1420 2390 ψ)

73 2390 141 2424 140
167 2388 319 2426 domine
344 2391 375 2425 A
393 2390 486 2437 11141
510 2401 587 2437 qua
611 2390 754 2428 tulerat
779 2403 815 2429 ω
842 2403 934 2430 corr.
955 2393 1168 2430 Koetschau
