1618 2554
648 134 937 172 AGAMEMNO
1394 135 1482 179 277

104 235 307 280 morieris
335 234 478 279 hodie.
539 245 614 278 BL.
644 233 896 278 Dummodo
926 233 1010 278 hac
1039 233 1203 278 moriar
1233 249 1377 278 manu.

104 295 261 340 recedo
292 295 348 340 ab
379 294 478 339 aris.
539 295 632 340 sive
662 297 706 339 te
737 295 891 353 iugulo
922 294 1045 339 iuvat

106 356 307 401 mersisse
336 356 519 412 ferrum,
549 355 737 413 praebeo
767 355 969 414 iugulum
1001 355 1102 414 tibi3

107 431 184 461 seu
215 431 337 461 more
367 415 585 474 pecudum
616 416 729 460 colla
758 416 942 460 resecari
971 415 1133 473 placet,
1232 468 1234 470 ¹

109 477 278 522 intenta
306 477 453 521 cervix
482 475 642 520 vulnus
674 478 875 534 expectat
903 479 1041 520 tuum.
1412 486 1483 520 976

108 538 249 582 scelus
279 540 481 595 paratum
512 540 594 581 est:
626 536 756 581 caede
785 551 1027 595 respersam
1057 537 1143 580 viri

105 601 238 656 atque
267 597 511 642 obsoletam
542 598 755 656 sanguine
784 597 870 642 hoc
900 596 1097 641 dextram
1129 596 1269 641 ablue.

107 670 243 703 eLY'r.
273 655 464 703 Consors
494 658 650 716 pericli
679 659 843 716 pariter
872 672 923 702 ac
952 658 1078 717 regni
1108 658 1215 715 mei,

104 717 335 778 Aegistho,
365 718 556 778 gradere.
618 721 752 777 gnata
783 718 1048 778 genetricem
1078 718 1214 776 impie

104 779 278 838 probris
308 779 502 835 lacessit,
534 780 697 823 occulit
724 780 903 823 fratrem
935 779 1146 823 abditum.
1413 790 1486 824 980

196 910 303 945 ABG.
334 899 589 944 Furibunda
618 900 763 958 virgo,
794 900 914 944 vocis
945 900 1147 944 infandae
1178 914 1335 945 sonum

106 963 151 1005 et
181 975 285 1005 aure
316 961 450 1004 verba
479 960 661 1019 indigna
690 962 887 1004 materna
917 962 1128 1018 opprime.

106 1032 181 1065 BL.
213 1020 361 1065 Etiam
392 1021 591 1065 monebit
620 1021 795 1065 sceleris
826 1021 993 1065 infandi
1024 1022 1201 1078 artifex,

104 1096 185 1139 per
215 1082 378 1126 scelera
408 1084 586 1140 gnatus,
617 1096 779 1126 nomen
809 1081 1065 1141 ambiguum
1097 1083 1206 1139 suis,

106 1142 220 1186 idem
252 1141 414 1186 sororis
445 1144 604 1200 gnatus
635 1146 680 1186 et
708 1141 846 1199 patris
875 1143 1043 1199 nepos?
1411 1152 1481 1186 98⁶

110 1213 244 1246 eurr.
274 1200 506 1261 Aegisthe,
535 1216 678 1246 cessas
708 1203 894 1260 impium
924 1202 1041 1246 ferro
1072 1206 1204 1260 caput

110 1262 355 1307 demetere?
386 1263 566 1307 frah-em
596 1262 751 1306 reddat
781 1266 857 1307 aut
887 1263 1078 1307 animam
1109 1263 1270 1307 statim.

104 1334 214 1368 ΔΕΘ.
244 1321 461 1367 Abstrusa
492 1338 620 1368 caeco
653 1338 823 1368 carcere
854 1326 899 1367 et
928 1338 1033 1367 saxo
1066 1324 1214 1382 exigat

105 1399 281 1440 aevum,
312 1386 356 1427 et
386 1398 464 1441 per
490 1398 640 1427 omnes
671 1386 790 1428 torta
820 1398 1058 1441 poenarum
1089 1384 1242 1428 modos

103 1444 266 1488 referre
298 1459 428 1501 quem
460 1459 577 1488 nunc
608 1445 770 1489 occulit
800 1444 947 1488 forsan
979 1443 1107 1489 volet.
1412 1455 1482 1490 990

104 1505 237 1609 ivlidtli:
264 1505 615 1609 ffiffisthalminclusgg
644 1505 1194 1610 Pefflorinffgtgmnibus

620 1599 632 1621 t
770 1599 783 1622 ²

105 1624 279 1669 aethere
310 1628 469 1684 negato
501 1641 597 1670 sero
629 1625 891 1670 subcumbet
921 1626 1059 1670 malis.

104 1697 178 1730 BL.
212 1685 409 1730 Concede
440 1689 637 1730 mortem.
700 1697 808 1730 ΑΕΘ.
839 1684 886 1730 Si
915 1700 1155 1742 recusares,
1187 1687 1344 1731 darem.

103 1746 225 1790 rudis
257 1750 323 1790 est
353 1749 564 1803 tyrannus
595 1750 736 1791 morte
768 1747 845 1804 qui
874 1761 1060 1803 poenam
1092 1746 1240 1806 exigit.
1410 1759 1480 1793 995

104 1818 179 1850 BL.
202 1805 390 1850 Mortem
410 1807 577 1863 aliquid
594 1808 713 1851 ultra
736 1807 831 1851 est?
868 1819 975 1850 ABG.
995 1806 1111 1863 Vita,
1130 1808 1168 1852 si
1187 1808 1336 1865 cupias
1355 1809 1479 1852 mori.

104 1866 311 1924 abripite,
340 1866 512 1922 famuli,
545 1870 790 1911 monstrum
822 1870 866 1911 et
896 1870 1091 1912 avectam
1122 1869 1275 1926 procul

102 1927 220 1970 ulia-a
249 1926 456 1984 Mycenas
487 1928 644 1971 ultimo
676 1928 724 1972 in
753 1928 878 1986 regni
909 1929 1071 1986 angulo

103 1987 265 2031 vincite
297 1991 491 2045 saeptam
522 1991 651 2032 nocte
681 1988 901 2032 tenebrosi
933 2003 1107 2045 specus,

102 2050 155 2090 ut
186 2047 425 2104 inquietam
456 2049 671 2107 virginem
704 2063 849 2092 carcer
880 2049 1037 2093 domet.
1383 2061 1477 2094 1000

105 2118 239 2150 OLYT.
271 2107 333 2151 At
363 2108 449 2152 ista
478 2123 642 2166 poenas
673 2110 816 2166 capite
846 2109 1065 2167 persolvet
1096 2125 1175 2153 suo

199 2228 270 2262 979
290 2225 464 2274 iugulum
483 2226 612 2264 volens
630 2230 662 2263 A
679 2229 693 2274 fl
711 2230 783 2264 979
802 2230 999 2274 peractum
1018 2231 1049 2264 A
1066 2230 1079 2275 ῃ
1098 2231 1169 2264 979
1188 2227 1231 2264 A.
1251 2227 1396 2275 gaudes
1416 2230 1446 2263 A

102 2275 261 2321 gnatam
286 2273 510 2321 genitricem
534 2277 686 2322 811880
711 2275 797 2313 abd.
825 2275 870 2312 fr.
897 2276 1015 2313 occul.
1036 2279 1066 2311 A
1084 2277 1186 2323 {1988
1211 2287 1293 2312 ue.
1320 2287 1388 2313 om.
1407 2279 1440 2312 A

102 2325 175 2358 999
200 2324 241 2358 et
264 2333 331 2359 om.
351 2325 383 2358 A
447 2326 519 2359 990
543 2323 686 2360 forsam
710 2328 740 2360 Β
764 2324 778 2370 ΙΙ
802 2327 869 2360 991
893 2336 930 2371 p.
951 2324 1076 2361 obsita
1101 2326 1163 2371 Au
1188 2324 1278 2360 994ιι
1303 2337 1382 2361 cu.
1407 2327 1439 2359 A

102 2373 176 2407 999
200 2370 321 2407 mox-te
341 2374 372 2406 B
394 2372 400 2418 1
423 2383 501 2407 cnr.
527 2373 559 2407 A
608 2375 679 2408 999
703 2382 879 2409 mecenas
904 2376 934 2409 Β
951 2373 965 2419 Β
983 2375 1074 2409 1000
1098 2372 1165 2409 ine
1189 2373 1266 2419 inq.
1288 2373 1445 2420 Bentley

102 2416 191 2455 1001
217 2431 294 2454 cm.
322 2430 390 2456 om,
409 2422 441 2454 A
462 2420 468 2459 Ι
489 2418 575 2466 ipsa
599 2423 629 2455 Ε
