<?xml version="1.0" encoding="UTF-8"?>
<!DOCTYPE html PUBLIC "-//W3C//DTD XHTML 1.0 Transitional//EN"
    "http://www.w3.org/TR/xhtml1/DTD/xhtml1-transitional.dtd">
<html xmlns="http://www.w3.org/1999/xhtml" xml:lang="en" lang="en">
 <head>
  <title>
</title>
<meta http-equiv="Content-Type" content="text/html;charset=utf-8" />
  <meta name='ocr-system' content='tesseract 3.04.00' />
  <meta name='ocr-capabilities' content='ocr_page ocr_carea ocr_par ocr_line ocrx_word'/>
</head>
<body>
  <div class='ocr_page' id='page_1' title='image "./tragoediaerecens00seneuoft_0022.png"; bbox 0 0 1618 2554; ppageno 0'>
   <div class='ocr_carea' id='block_1_1' title="bbox 156 126 983 166">
    <p class='ocr_par' dir='ltr' id='par_1_1' title="bbox 156 126 983 166">
     <span class='ocr_line' id='line_1_1' title="bbox 156 126 983 166; baseline 0.001 -1"><span class='ocrx_word' id='word_1_1' title='bbox 156 126 225 165; x_wconf 77' lang='lat' dir='ltr'><strong>X⁴X</strong></span> <span class='ocrx_word' id='word_1_2' title='bbox 705 126 983 166; x_wconf 80' lang='lat' dir='ltr'>PRAEFATIO</span> 
     </span>
    </p>
   </div>
   <div class='ocr_carea' id='block_1_2' title="bbox 117 230 1576 2095">
    <p class='ocr_par' dir='ltr' id='par_1_2' title="bbox 117 230 1576 2095">
     <span class='ocr_line' id='line_1_2' title="bbox 155 230 1533 284; baseline 0.005 -14"><span class='ocrx_word' id='word_1_3' title='bbox 155 230 415 271; x_wconf 84' lang='lat' dir='ltr'><strong>stantissimis</strong></span> <span class='ocrx_word' id='word_1_4' title='bbox 440 231 587 272; x_wconf 85' lang='lat' dir='ltr'><strong>veteris</strong></span> <span class='ocrx_word' id='word_1_5' title='bbox 613 230 743 272; x_wconf 80' lang='lat' dir='ltr'><strong>Italae</strong></span> <span class='ocrx_word' id='word_1_6' title='bbox 770 231 952 281; x_wconf 80' lang='lat' dir='ltr'><strong>testibuS,</strong></span> <span class='ocrx_word' id='word_1_7' title='bbox 977 232 1277 284; x_wconf 85' lang='lat' dir='ltr'><strong>Augustanum,</strong></span> <span class='ocrx_word' id='word_1_8' title='bbox 1302 233 1533 278; x_wconf 80' lang='lat' dir='ltr'><strong>Vadianum</strong></span> 
     </span>
     <span class='ocr_line' id='line_1_3' title="bbox 156 285 1531 347; baseline 0.004 -17"><span class='ocrx_word' id='word_1_9' title='bbox 156 286 213 347; x_wconf 87' lang='lat' dir='ltr'><strong>(R</strong></span> <span class='ocrx_word' id='word_1_10' title='bbox 230 293 286 332; x_wconf 90' lang='grc'><strong>10</strong></span> <span class='ocrx_word' id='word_1_11' title='bbox 310 290 385 344; x_wconf 83' lang='lat' dir='ltr'><strong>Ag.</strong></span> <span class='ocrx_word' id='word_1_12' title='bbox 404 290 445 330; x_wconf 88' lang='lat' dir='ltr'><strong>V</strong></span> <span class='ocrx_word' id='word_1_13' title='bbox 459 309 505 322; x_wconf 94' lang='lat'>=</span> <span class='ocrx_word' id='word_1_14' title='bbox 519 285 629 346; x_wconf 60' lang='lat' dir='ltr'><strong>Am),</strong></span> <span class='ocrx_word' id='word_1_15' title='bbox 679 290 758 338; x_wconf 85' lang='lat' dir='ltr'><strong>Qui</strong></span> <span class='ocrx_word' id='word_1_16' title='bbox 789 293 980 342; x_wconf 85' lang='lat' dir='ltr'><strong>quoniam</strong></span> <span class='ocrx_word' id='word_1_17' title='bbox 1011 294 1055 331; x_wconf 90' lang='lat' dir='ltr'><strong>in</strong></span> <span class='ocrx_word' id='word_1_18' title='bbox 1085 293 1191 333; x_wconf 82' lang='lat' dir='ltr'><strong>veris</strong></span> <span class='ocrx_word' id='word_1_19' title='bbox 1222 296 1263 334; x_wconf 91' lang='lat' dir='ltr'><strong>et</strong></span> <span class='ocrx_word' id='word_1_20' title='bbox 1292 293 1531 337; x_wconf 68' lang='lat' dir='ltr'><strong>indubitatis</strong></span> 
     </span>
     <span class='ocr_line' id='line_1_4' title="bbox 153 352 1531 404; baseline 0.002 -11"><span class='ocrx_word' id='word_1_21' title='bbox 153 352 392 404; x_wconf 89' lang='lat' dir='ltr'><strong>plerumque</strong></span> <span class='ocrx_word' id='word_1_22' title='bbox 417 364 508 392; x_wconf 90' lang='lat' dir='ltr'><strong>cum</strong></span> <span class='ocrx_word' id='word_1_23' title='bbox 533 354 574 392; x_wconf 91' lang='grc' dir='ltr'><em>Σ</em></span> <span class='ocrx_word' id='word_1_24' title='bbox 596 352 864 403; x_wconf 86' lang='lat' dir='ltr'><strong>consentiunt,</strong></span> <span class='ocrx_word' id='word_1_25' title='bbox 887 353 932 391; x_wconf 86' lang='lat' dir='ltr'><strong>iu</strong></span> <span class='ocrx_word' id='word_1_26' title='bbox 961 352 1092 392; x_wconf 88' lang='lat' dir='ltr'><strong>dubiis</strong></span> <span class='ocrx_word' id='word_1_27' title='bbox 1124 353 1223 394; x_wconf 86' lang='lat' dir='ltr'><strong>locis</strong></span> <span class='ocrx_word' id='word_1_28' title='bbox 1255 355 1531 396; x_wconf 86' lang='lat' dir='ltr'><strong>emendatiora</strong></span> 
     </span>
     <span class='ocr_line' id='line_1_5' title="bbox 153 412 1531 467; baseline 0.002 -13"><span class='ocrx_word' id='word_1_29' title='bbox 153 412 263 454; x_wconf 84' lang='lat' dir='ltr'><strong>haud</strong></span> <span class='ocrx_word' id='word_1_30' title='bbox 292 425 385 452; x_wconf 82' lang='lat' dir='ltr'><strong>raro</strong></span> <span class='ocrx_word' id='word_1_31' title='bbox 415 412 488 453; x_wconf 89' lang='lat' dir='ltr'><strong>illo</strong></span> <span class='ocrx_word' id='word_1_32' title='bbox 520 412 739 464; x_wconf 84' lang='lat' dir='ltr'><strong>exemplari</strong></span> <span class='ocrx_word' id='word_1_33' title='bbox 771 412 983 464; x_wconf 73' lang='lat' dir='ltr'>praebent,</span> <span class='ocrx_word' id='word_1_34' title='bbox 1020 414 1119 465; x_wconf 87' lang='lat' dir='ltr'><strong>quin</strong></span> <span class='ocrx_word' id='word_1_35' title='bbox 1157 427 1205 454; x_wconf 86' lang='lat' dir='ltr'><strong>ex</strong></span> <span class='ocrx_word' id='word_1_36' title='bbox 1241 414 1326 455; x_wconf 85' lang='lat' dir='ltr'><strong>alio</strong></span> <span class='ocrx_word' id='word_1_37' title='bbox 1354 416 1531 467; x_wconf 82' lang='lat' dir='ltr'><strong>quodam</strong></span> 
     </span>
     <span class='ocr_line' id='line_1_6' title="bbox 154 473 1530 525; baseline 0.003 -11"><span class='ocrx_word' id='word_1_38' title='bbox 154 473 376 514; x_wconf 87' lang='lat' dir='ltr'><strong>communis</strong></span> <span class='ocrx_word' id='word_1_39' title='bbox 408 473 587 513; x_wconf 85' lang='lat' dir='ltr'><strong>omnium</strong></span> <span class='ocrx_word' id='word_1_40' title='bbox 619 473 828 525; x_wconf 78' lang='lat' dir='ltr'><strong>archetypi</strong></span> <span class='ocrx_word' id='word_1_41' title='bbox 859 474 1093 525; x_wconf 83' lang='lat' dir='ltr'><strong>apographo</strong></span> <span class='ocrx_word' id='word_1_42' title='bbox 1124 475 1257 515; x_wconf 87' lang='lat' dir='ltr'><strong>minus</strong></span> <span class='ocrx_word' id='word_1_43' title='bbox 1287 475 1432 517; x_wconf 85' lang='lat' dir='ltr'><strong>vitiose</strong></span> <span class='ocrx_word' id='word_1_44' title='bbox 1463 476 1530 518; x_wconf 89' lang='lat' dir='ltr'><strong>de-</strong></span> 
     </span>
     <span class='ocr_line' id='line_1_7' title="bbox 154 532 1531 585; baseline 0.002 -11"><span class='ocrx_word' id='word_1_45' title='bbox 154 534 305 585; x_wconf 85' lang='lat' dir='ltr'><strong>scripto</strong></span> <span class='ocrx_word' id='word_1_46' title='bbox 334 534 592 573; x_wconf 84' lang='lat' dir='ltr'><strong>manaverint</strong></span> <span class='ocrx_word' id='word_1_47' title='bbox 622 546 703 573; x_wconf 87' lang='lat' dir='ltr'><strong>non</strong></span> <span class='ocrx_word' id='word_1_48' title='bbox 732 533 884 574; x_wconf 75' lang='lat' dir='ltr'><strong>dubito.</strong></span> <span class='ocrx_word' id='word_1_49' title='bbox 936 532 1067 580; x_wconf 82' lang='lat' dir='ltr'>Quare</span> <span class='ocrx_word' id='word_1_50' title='bbox 1095 533 1166 575; x_wconf 83' lang='lat' dir='ltr'><strong>ubi</strong></span> <span class='ocrx_word' id='word_1_51' title='bbox 1190 534 1343 576; x_wconf 81' lang='lat' dir='ltr'><strong>ordinis</strong></span> <span class='ocrx_word' id='word_1_52' title='bbox 1369 537 1418 576; x_wconf 88' lang='lat' dir='ltr'><em>H</em></span> <span class='ocrx_word' id='word_1_53' title='bbox 1435 537 1531 577; x_wconf 80' lang='lat' dir='ltr'><strong>libri</strong></span> 
     </span>
     <span class='ocr_line' id='line_1_8' title="bbox 153 588 1530 650; baseline 0.004 -16"><span class='ocrx_word' id='word_1_54' title='bbox 153 594 220 634; x_wconf 83' lang='lat' dir='ltr'><strong>vel</strong></span> <span class='ocrx_word' id='word_1_55' title='bbox 250 605 386 636; x_wconf 84' lang='lat' dir='ltr'><strong>omnes</strong></span> <span class='ocrx_word' id='word_1_56' title='bbox 418 594 483 633; x_wconf 90' lang='lat' dir='ltr'><strong>vel</strong></span> <span class='ocrx_word' id='word_1_57' title='bbox 515 594 674 645; x_wconf 76' lang='lat' dir='ltr'><strong>aliquot</strong></span> <span class='ocrx_word' id='word_1_58' title='bbox 703 606 795 633; x_wconf 89' lang='lat' dir='ltr'><strong>cum</strong></span> <span class='ocrx_word' id='word_1_59' title='bbox 826 588 904 633; x_wconf 52' lang='lat' dir='ltr'><strong>Ast)</strong></span> <span class='ocrx_word' id='word_1_60' title='bbox 929 595 1174 646; x_wconf 85' lang='lat' dir='ltr'><strong>conspirant,</strong></span> <span class='ocrx_word' id='word_1_61' title='bbox 1205 608 1344 636; x_wconf 88' lang='lat' dir='ltr'><strong>eorum</strong></span> <span class='ocrx_word' id='word_1_62' title='bbox 1369 609 1530 650; x_wconf 90' lang='lat' dir='ltr'><strong>quoque</strong></span> 
     </span>
     <span class='ocr_line' id='line_1_9' title="bbox 153 654 1526 709; baseline 0.004 -15"><span class='ocrx_word' id='word_1_63' title='bbox 153 654 344 695; x_wconf 86' lang='lat' dir='ltr'><strong>lectiones</strong></span> <span class='ocrx_word' id='word_1_64' title='bbox 375 666 455 695; x_wconf 87' lang='lat' dir='ltr'><strong>non</strong></span> <span class='ocrx_word' id='word_1_65' title='bbox 486 655 573 694; x_wconf 88' lang='lat' dir='ltr'><strong>tam</strong></span> <span class='ocrx_word' id='word_1_66' title='bbox 603 654 801 696; x_wconf 85' lang='lat' dir='ltr'><strong>Italorum</strong></span> <span class='ocrx_word' id='word_1_67' title='bbox 832 655 1069 695; x_wconf 78' lang='lat' dir='ltr'><strong>correcturis</strong></span> <span class='ocrx_word' id='word_1_68' title='bbox 1102 668 1224 707; x_wconf 84' lang='lat' dir='ltr'><strong>quam</strong></span> <span class='ocrx_word' id='word_1_69' title='bbox 1254 658 1411 709; x_wconf 85' lang='lat' dir='ltr'><strong>puriori</strong></span> <span class='ocrx_word' id='word_1_70' title='bbox 1443 659 1526 699; x_wconf 86' lang='lat' dir='ltr'><strong>cui·</strong></span> 
     </span>
     <span class='ocr_line' id='line_1_10' title="bbox 153 713 1528 771; baseline 0.004 -17"><span class='ocrx_word' id='word_1_71' title='bbox 153 715 247 754; x_wconf 86' lang='lat' dir='ltr'><strong>dam</strong></span> <span class='ocrx_word' id='word_1_72' title='bbox 279 715 537 765; x_wconf 80' lang='lat' dir='ltr'><strong>antiquitatis</strong></span> <span class='ocrx_word' id='word_1_73' title='bbox 569 714 673 754; x_wconf 79' lang='lat' dir='ltr'><strong>fonti</strong></span> <span class='ocrx_word' id='word_1_74' title='bbox 705 713 843 756; x_wconf 85' lang='lat' dir='ltr'><strong>deberi</strong></span> <span class='ocrx_word' id='word_1_75' title='bbox 872 717 980 755; x_wconf 86' lang='lat' dir='ltr'><strong>recte</strong></span> <span class='ocrx_word' id='word_1_76' title='bbox 1005 717 1219 756; x_wconf 83' lang='lat' dir='ltr'><strong>statuetur.</strong></span> <span class='ocrx_word' id='word_1_77' title='bbox 1240 766 1244 771; x_wconf 29' lang='grc'><strong><em>1</em></strong></span> <span class='ocrx_word' id='word_1_78' title='bbox 1272 716 1528 770; x_wconf 73' lang='lat' dir='ltr'><strong>Quamquam</strong></span> 
     </span>
     <span class='ocr_line' id='line_1_11' title="bbox 153 769 1527 831; baseline 0.004 -17"><span class='ocrx_word' id='word_1_79' title='bbox 153 776 346 827; x_wconf 83' lang='lat' dir='ltr'><strong>quoniam</strong></span> <span class='ocrx_word' id='word_1_80' title='bbox 377 775 527 815; x_wconf 84' lang='lat' dir='ltr'><strong>ordinis</strong></span> <span class='ocrx_word' id='word_1_81' title='bbox 559 769 638 815; x_wconf 52' lang='lat' dir='ltr'><strong>Ast&gt;</strong></span> <span class='ocrx_word' id='word_1_82' title='bbox 669 775 764 814; x_wconf 87' lang='lat' dir='ltr'><strong>libri</strong></span> <span class='ocrx_word' id='word_1_83' title='bbox 801 788 879 815; x_wconf 83' lang='lat' dir='ltr'><strong>non</strong></span> <span class='ocrx_word' id='word_1_84' title='bbox 912 774 1060 827; x_wconf 88' lang='lat' dir='ltr'><strong>ubique</strong></span> <span class='ocrx_word' id='word_1_85' title='bbox 1098 777 1234 817; x_wconf 86' lang='lat' dir='ltr'><strong>clauso</strong></span> <span class='ocrx_word' id='word_1_86' title='bbox 1266 779 1427 831; x_wconf 80' lang='lat' dir='ltr'><strong>agmine</strong></span> <span class='ocrx_word' id='word_1_87' title='bbox 1466 781 1527 819; x_wconf 88' lang='lat' dir='ltr'><strong>in-</strong></span> 
     </span>
     <span class='ocr_line' id='line_1_12' title="bbox 117 834 1531 889; baseline 0.003 -13"><span class='ocrx_word' id='word_1_88' title='bbox 117 863 123 868; x_wconf 80' lang='lat'><em>-</em></span> <span class='ocrx_word' id='word_1_89' title='bbox 154 835 310 886; x_wconf 80' lang='lat' dir='ltr'><strong>cedunt,</strong></span> <span class='ocrx_word' id='word_1_90' title='bbox 338 837 444 888; x_wconf 70' lang='lat' dir='ltr'><strong>sicut</strong></span> <span class='ocrx_word' id='word_1_91' title='bbox 471 837 514 875; x_wconf 90' lang='lat' dir='ltr'><strong>in</strong></span> <span class='ocrx_word' id='word_1_92' title='bbox 542 834 688 876; x_wconf 86' lang='lat' dir='ltr'><strong>Leonis</strong></span> <span class='ocrx_word' id='word_1_93' title='bbox 715 834 908 875; x_wconf 80' lang='lat' dir='ltr'><strong>classibus</strong></span> <span class='ocrx_word' id='word_1_94' title='bbox 934 836 1086 889; x_wconf 83' lang='lat' dir='ltr'><strong>singuli</strong></span> <span class='ocrx_word' id='word_1_95' title='bbox 1110 850 1190 877; x_wconf 91' lang='lat' dir='ltr'><strong>non</strong></span> <span class='ocrx_word' id='word_1_96' title='bbox 1215 845 1307 878; x_wconf 87' lang='lat' dir='ltr'><strong>raro</strong></span> <span class='ocrx_word' id='word_1_97' title='bbox 1333 838 1531 881; x_wconf 80' lang='lat' dir='ltr'><strong>dissident</strong></span> 
     </span>
     <span class='ocr_line' id='line_1_13' title="bbox 152 896 1527 949; baseline 0.003 -13"><span class='ocrx_word' id='word_1_98' title='bbox 152 897 260 936; x_wconf 88' lang='lat' dir='ltr'><strong>inter</strong></span> <span class='ocrx_word' id='word_1_99' title='bbox 290 908 333 936; x_wconf 84' lang='lat' dir='ltr'><strong>se</strong></span> <span class='ocrx_word' id='word_1_100' title='bbox 364 898 485 947; x_wconf 87' lang='lat' dir='ltr'><strong>atque</strong></span> <span class='ocrx_word' id='word_1_101' title='bbox 516 896 758 946; x_wconf 79' lang='lat' dir='ltr'><strong>discordant,</strong></span> <span class='ocrx_word' id='word_1_102' title='bbox 790 896 877 937; x_wconf 87' lang='lat' dir='ltr'><strong>fieri</strong></span> <span class='ocrx_word' id='word_1_103' title='bbox 907 908 989 935; x_wconf 91' lang='lat' dir='ltr'><strong>non</strong></span> <span class='ocrx_word' id='word_1_104' title='bbox 1019 898 1154 948; x_wconf 87' lang='lat' dir='ltr'><strong>potuit</strong></span> <span class='ocrx_word' id='word_1_105' title='bbox 1182 898 1281 949; x_wconf 87' lang='lat' dir='ltr'><strong>quin</strong></span> <span class='ocrx_word' id='word_1_106' title='bbox 1311 898 1360 938; x_wconf 90' lang='lat' dir='ltr'><strong>de</strong></span> <span class='ocrx_word' id='word_1_107' title='bbox 1393 899 1527 941; x_wconf 85' lang='lat' dir='ltr'><strong>arche·</strong></span> 
     </span>
     <span class='ocr_line' id='line_1_14' title="bbox 153 956 1528 1010; baseline 0.003 -13"><span class='ocrx_word' id='word_1_108' title='bbox 153 957 244 1009; x_wconf 83' lang='lat' dir='ltr'><strong>typi</strong></span> <span class='ocrx_word' id='word_1_109' title='bbox 274 957 474 1007; x_wconf 82' lang='lat' dir='ltr'><strong>scriptura</strong></span> <span class='ocrx_word' id='word_1_110' title='bbox 505 959 612 997; x_wconf 83' lang='lat' dir='ltr'><strong>recte</strong></span> <span class='ocrx_word' id='word_1_111' title='bbox 643 956 926 997; x_wconf 83' lang='lat' dir='ltr'><strong>constituenda</strong></span> <span class='ocrx_word' id='word_1_112' title='bbox 955 969 1036 997; x_wconf 89' lang='lat' dir='ltr'><strong>non</strong></span> <span class='ocrx_word' id='word_1_113' title='bbox 1067 971 1289 1010; x_wconf 85' lang='lat' dir='ltr'><strong>numquam</strong></span> <span class='ocrx_word' id='word_1_114' title='bbox 1326 959 1528 1001; x_wconf 82' lang='lat' dir='ltr'><strong>dubitatio</strong></span> 
     </span>
     <span class='ocr_line' id='line_1_15' title="bbox 151 1016 1529 1070; baseline 0.004 -13"><span class='ocrx_word' id='word_1_115' title='bbox 151 1017 459 1068; x_wconf 85' lang='lat' dir='ltr'><strong>relinqueretur.</strong></span> <span class='ocrx_word' id='word_1_116' title='bbox 502 1016 640 1069; x_wconf 81' lang='lat' dir='ltr'><strong>Atque</strong></span> <span class='ocrx_word' id='word_1_117' title='bbox 666 1017 741 1058; x_wconf 88' lang='lat' dir='ltr'><strong>hoc</strong></span> <span class='ocrx_word' id='word_1_118' title='bbox 766 1018 890 1058; x_wconf 85' lang='lat' dir='ltr'><strong>etiam</strong></span> <span class='ocrx_word' id='word_1_119' title='bbox 915 1017 1125 1058; x_wconf 82' lang='lat' dir='ltr'><strong>fatendum</strong></span> <span class='ocrx_word' id='word_1_120' title='bbox 1154 1020 1227 1070; x_wconf 91' lang='lat' dir='ltr'><strong>est,</strong></span> <span class='ocrx_word' id='word_1_121' title='bbox 1255 1032 1336 1059; x_wconf 91' lang='lat' dir='ltr'><strong>non</strong></span> <span class='ocrx_word' id='word_1_122' title='bbox 1368 1021 1529 1062; x_wconf 86' lang='lat' dir='ltr'><strong>tantum</strong></span> 
     </span>
     <span class='ocr_line' id='line_1_16' title="bbox 152 1077 1528 1131; baseline 0.003 -13"><span class='ocrx_word' id='word_1_123' title='bbox 152 1077 287 1118; x_wconf 82' lang='lat' dir='ltr'><strong>valere</strong></span> <span class='ocrx_word' id='word_1_124' title='bbox 311 1079 481 1117; x_wconf 88' lang='lat' dir='ltr'><strong>istorum</strong></span> <span class='ocrx_word' id='word_1_125' title='bbox 506 1077 690 1118; x_wconf 88' lang='lat' dir='ltr'><strong>codicum</strong></span> <span class='ocrx_word' id='word_1_126' title='bbox 716 1078 1012 1128; x_wconf 86' lang='lat' dir='ltr'><strong>auctoritatem,</strong></span> <span class='ocrx_word' id='word_1_127' title='bbox 1038 1081 1085 1118; x_wconf 88' lang='lat' dir='ltr'><strong>ut</strong></span> <span class='ocrx_word' id='word_1_128' title='bbox 1113 1091 1251 1119; x_wconf 87' lang='lat' dir='ltr'><strong>eorum</strong></span> <span class='ocrx_word' id='word_1_129' title='bbox 1275 1092 1351 1131; x_wconf 89' lang='lat' dir='ltr'><strong>ope</strong></span> <span class='ocrx_word' id='word_1_130' title='bbox 1376 1093 1528 1122; x_wconf 83' lang='lat' dir='ltr'><strong>novum</strong></span> 
     </span>
     <span class='ocr_line' id='line_1_17' title="bbox 152 1135 1527 1190; baseline 0.004 -13"><span class='ocrx_word' id='word_1_131' title='bbox 152 1137 357 1190; x_wconf 84' lang='lat' dir='ltr'><strong>quoddam</strong></span> <span class='ocrx_word' id='word_1_132' title='bbox 389 1151 434 1178; x_wconf 85' lang='lat' dir='ltr'><strong>ac</strong></span> <span class='ocrx_word' id='word_1_133' title='bbox 466 1137 618 1178; x_wconf 86' lang='lat' dir='ltr'><strong>firmius</strong></span> <span class='ocrx_word' id='word_1_134' title='bbox 652 1135 845 1179; x_wconf 85' lang='lat' dir='ltr'><strong>Octaviae</strong></span> <span class='ocrx_word' id='word_1_135' title='bbox 883 1139 1146 1179; x_wconf 83' lang='lat' dir='ltr'><strong>recensendae</strong></span> <span class='ocrx_word' id='word_1_136' title='bbox 1181 1141 1223 1180; x_wconf 89' lang='lat' dir='ltr'><strong>et</strong></span> <span class='ocrx_word' id='word_1_137' title='bbox 1254 1141 1527 1183; x_wconf 82' lang='lat' dir='ltr'><strong>emendandae</strong></span> 
     </span>
     <span class='ocr_line' id='line_1_18' title="bbox 153 1198 1576 1251; baseline 0.005 -14"><span class='ocrx_word' id='word_1_138' title='bbox 153 1198 460 1241; x_wconf 80' lang='lat' dir='ltr'><strong>fundamentum</strong></span> <span class='ocrx_word' id='word_1_139' title='bbox 490 1199 619 1250; x_wconf 85' lang='lat' dir='ltr'><strong>possit</strong></span> <span class='ocrx_word' id='word_1_140' title='bbox 648 1198 839 1239; x_wconf 82' lang='lat' dir='ltr'><strong>substrui.</strong></span> <span class='ocrx_word' id='word_1_141' title='bbox 890 1199 1013 1240; x_wconf 87' lang='lat' dir='ltr'><strong>Nullo</strong></span> <span class='ocrx_word' id='word_1_142' title='bbox 1048 1200 1156 1241; x_wconf 85' lang='lat' dir='ltr'><strong>enim</strong></span> <span class='ocrx_word' id='word_1_143' title='bbox 1181 1201 1413 1251; x_wconf 73' lang='lat' dir='ltr'><strong>praetextae</strong></span> <span class='ocrx_word' id='word_1_144' title='bbox 1438 1203 1528 1244; x_wconf 86' lang='lat' dir='ltr'><strong>loco</strong></span> <span class='ocrx_word' id='word_1_145' title='bbox 1574 1222 1576 1224; x_wconf 54' lang='lat'>&gt;</span> 
     </span>
     <span class='ocr_line' id='line_1_19' title="bbox 154 1258 1527 1312; baseline 0.002 -12"><span class='ocrx_word' id='word_1_146' title='bbox 154 1260 337 1312; x_wconf 84' lang='lat' dir='ltr'><strong>contigit,</strong></span> <span class='ocrx_word' id='word_1_147' title='bbox 362 1261 409 1298; x_wconf 89' lang='lat' dir='ltr'><strong>ut</strong></span> <span class='ocrx_word' id='word_1_148' title='bbox 433 1260 547 1300; x_wconf 82' lang='lat' dir='ltr'><strong>novis</strong></span> <span class='ocrx_word' id='word_1_149' title='bbox 568 1258 756 1300; x_wconf 85' lang='lat' dir='ltr'><strong>subsidiis</strong></span> <span class='ocrx_word' id='word_1_150' title='bbox 777 1261 892 1300; x_wconf 77' lang='lat' dir='ltr'><strong>vetus</strong></span> <span class='ocrx_word' id='word_1_151' title='bbox 912 1258 1123 1312; x_wconf 81' lang='lat' dir='ltr'><strong>archetypi</strong></span> <span class='ocrx_word' id='word_1_152' title='bbox 1148 1260 1268 1300; x_wconf 88' lang='lat' dir='ltr'><strong>lectio</strong></span> <span class='ocrx_word' id='word_1_153' title='bbox 1288 1263 1360 1301; x_wconf 85' lang='lat' dir='ltr'><strong>aut</strong></span> <span class='ocrx_word' id='word_1_154' title='bbox 1379 1264 1527 1303; x_wconf 87' lang='lat' dir='ltr'><strong>rectius</strong></span> 
     </span>
     <span class='ocr_line' id='line_1_20' title="bbox 154 1319 1528 1371; baseline 0.004 -13"><span class='ocrx_word' id='word_1_155' title='bbox 154 1320 347 1359; x_wconf 88' lang='lat' dir='ltr'><strong>constitui</strong></span> <span class='ocrx_word' id='word_1_156' title='bbox 372 1322 443 1359; x_wconf 90' lang='lat' dir='ltr'><strong>aut</strong></span> <span class='ocrx_word' id='word_1_157' title='bbox 468 1319 672 1359; x_wconf 86' lang='lat' dir='ltr'><strong>emendari</strong></span> <span class='ocrx_word' id='word_1_158' title='bbox 697 1320 858 1360; x_wconf 82' lang='lat' dir='ltr'><strong>facilius</strong></span> <span class='ocrx_word' id='word_1_159' title='bbox 883 1320 1088 1361; x_wconf 86' lang='lat' dir='ltr'><strong>videretur</strong></span> <span class='ocrx_word' id='word_1_160' title='bbox 1118 1332 1245 1371; x_wconf 85' lang='lat' dir='ltr'><strong>posse.</strong></span> <span class='ocrx_word' id='word_1_161' title='bbox 1295 1320 1408 1368; x_wconf 82' lang='lat' dir='ltr'><strong>Quae</strong></span> <span class='ocrx_word' id='word_1_162' title='bbox 1436 1335 1528 1363; x_wconf 85' lang='lat' dir='ltr'><strong>cum</strong></span> 
     </span>
     <span class='ocr_line' id='line_1_21' title="bbox 154 1381 1525 1433; baseline 0.004 -15"><span class='ocrx_word' id='word_1_163' title='bbox 154 1381 214 1420; x_wconf 87' lang='lat' dir='ltr'><strong>ita</strong></span> <span class='ocrx_word' id='word_1_164' title='bbox 246 1382 388 1430; x_wconf 84' lang='lat' dir='ltr'><strong>essent,</strong></span> <span class='ocrx_word' id='word_1_165' title='bbox 419 1393 444 1420; x_wconf 84' lang='lat' dir='ltr'><strong>a</strong></span> <span class='ocrx_word' id='word_1_166' title='bbox 475 1394 538 1420; x_wconf 92' lang='lat' dir='ltr'><strong>me</strong></span> <span class='ocrx_word' id='word_1_167' title='bbox 572 1381 789 1432; x_wconf 88' lang='lat' dir='ltr'><strong>impetrare</strong></span> <span class='ocrx_word' id='word_1_168' title='bbox 819 1392 900 1421; x_wconf 90' lang='lat' dir='ltr'><strong>non</strong></span> <span class='ocrx_word' id='word_1_169' title='bbox 931 1382 1058 1432; x_wconf 80' lang='lat' dir='ltr'><strong>potui,</strong></span> <span class='ocrx_word' id='word_1_170' title='bbox 1091 1383 1138 1421; x_wconf 90' lang='lat' dir='ltr'><strong>ut</strong></span> <span class='ocrx_word' id='word_1_171' title='bbox 1173 1382 1358 1433; x_wconf 88' lang='lat' dir='ltr'><strong>repetitis</strong></span> <span class='ocrx_word' id='word_1_172' title='bbox 1389 1382 1525 1423; x_wconf 84' lang='lat' dir='ltr'><strong>Weid-</strong></span> 
     </span>
     <span class='ocr_line' id='line_1_22' title="bbox 153 1435 1527 1484; baseline 0.004 -5"><span class='ocrx_word' id='word_1_173' title='bbox 153 1442 396 1480; x_wconf 87' lang='lat' dir='ltr'><strong>mannianae</strong></span> <span class='ocrx_word' id='word_1_174' title='bbox 459 1440 648 1481; x_wconf 85' lang='lat' dir='ltr'><strong>editionis</strong></span> <span class='ocrx_word' id='word_1_175' title='bbox 704 1440 944 1482; x_wconf 86' lang='lat' dir='ltr'><strong>lectionibus</strong></span> <span class='ocrx_word' id='word_1_176' title='bbox 1007 1435 1234 1483; x_wconf 86' lang='lat' dir='ltr'><strong>differentes</strong></span> <span class='ocrx_word' id='word_1_177' title='bbox 1299 1445 1527 1484; x_wconf 86' lang='lat' dir='ltr'><strong>nostrorum</strong></span> 
     </span>
     <span class='ocr_line' id='line_1_23' title="bbox 154 1500 1527 1554; baseline 0.004 -15"><span class='ocrx_word' id='word_1_178' title='bbox 154 1500 350 1540; x_wconf 88' lang='lat' dir='ltr'><strong>librorum</strong></span> <span class='ocrx_word' id='word_1_179' title='bbox 399 1502 618 1552; x_wconf 86' lang='lat' dir='ltr'><strong>scripturas</strong></span> <span class='ocrx_word' id='word_1_180' title='bbox 676 1515 917 1553; x_wconf 84' lang='lat' dir='ltr'><strong>apponerem</strong></span> <span class='ocrx_word' id='word_1_181' title='bbox 968 1501 1257 1554; x_wconf 86' lang='lat' dir='ltr'><strong>inutiliumque</strong></span> <span class='ocrx_word' id='word_1_182' title='bbox 1310 1502 1527 1553; x_wconf 84' lang='lat' dir='ltr'><strong>lectionum</strong></span> 
     </span>
     <span class='ocr_line' id='line_1_24' title="bbox 154 1557 1526 1616; baseline 0.003 -17"><span class='ocrx_word' id='word_1_183' title='bbox 154 1573 272 1601; x_wconf 82' lang='lat' dir='ltr'><strong>caeca</strong></span> <span class='ocrx_word' id='word_1_184' title='bbox 303 1562 407 1601; x_wconf 88' lang='lat' dir='ltr'><strong>mole</strong></span> <span class='ocrx_word' id='word_1_185' title='bbox 438 1561 741 1602; x_wconf 82' lang='lat' dir='ltr'><strong>adnotationem</strong></span> <span class='ocrx_word' id='word_1_186' title='bbox 779 1563 961 1602; x_wconf 85' lang='lat' dir='ltr'><strong>criticam</strong></span> <span class='ocrx_word' id='word_1_187' title='bbox 999 1562 1208 1602; x_wconf 86' lang='lat' dir='ltr'><strong>onerarem</strong></span> <span class='ocrx_word' id='word_1_188' title='bbox 1236 1557 1526 1616; x_wconf 78' lang='lat' dir='ltr'><strong>potiusquam</strong></span> 
     </span>
     <span class='ocr_line' id='line_1_25' title="bbox 156 1619 1526 1673; baseline 0.003 -12"><span class='ocrx_word' id='word_1_189' title='bbox 156 1619 399 1662; x_wconf 84' lang='lat' dir='ltr'><strong>adiuvarem.</strong></span> <span class='ocrx_word' id='word_1_190' title='bbox 458 1621 601 1673; x_wconf 86' lang='lat' dir='ltr'><strong>Itaque</strong></span> <span class='ocrx_word' id='word_1_191' title='bbox 632 1623 764 1663; x_wconf 84' lang='lat' dir='ltr'><strong>vitata</strong></span> <span class='ocrx_word' id='word_1_192' title='bbox 795 1623 1036 1664; x_wconf 81' lang='lat' dir='ltr'><strong>infructuosi</strong></span> <span class='ocrx_word' id='word_1_193' title='bbox 1069 1622 1219 1662; x_wconf 85' lang='lat' dir='ltr'><strong>laboris</strong></span> <span class='ocrx_word' id='word_1_194' title='bbox 1257 1624 1526 1673; x_wconf 82' lang='lat' dir='ltr'><strong>ostentatione</strong></span> 
     </span>
     <span class='ocr_line' id='line_1_26' title="bbox 154 1681 1526 1735; baseline 0.003 -15"><span class='ocrx_word' id='word_1_195' title='bbox 154 1681 242 1722; x_wconf 82' lang='lat' dir='ltr'><strong>hoe</strong></span> <span class='ocrx_word' id='word_1_196' title='bbox 259 1683 420 1722; x_wconf 84' lang='lat' dir='ltr'><strong>tantum</strong></span> <span class='ocrx_word' id='word_1_197' title='bbox 451 1683 534 1735; x_wconf 84' lang='lat' dir='ltr'><strong>egi,</strong></span> <span class='ocrx_word' id='word_1_198' title='bbox 574 1685 620 1723; x_wconf 93' lang='lat' dir='ltr'><strong>ut</strong></span> <span class='ocrx_word' id='word_1_199' title='bbox 644 1684 755 1723; x_wconf 89' lang='lat' dir='ltr'><strong>omni</strong></span> <span class='ocrx_word' id='word_1_200' title='bbox 785 1684 1002 1725; x_wconf 71' lang='lat' dir='ltr'><strong>lectionum</strong></span> <span class='ocrx_word' id='word_1_201' title='bbox 1038 1683 1159 1723; x_wconf 80' lang='lat' dir='ltr'><strong>turba</strong></span> <span class='ocrx_word' id='word_1_202' title='bbox 1195 1683 1399 1724; x_wconf 85' lang='lat' dir='ltr'><strong>subtiliter</strong></span> <span class='ocrx_word' id='word_1_203' title='bbox 1435 1697 1526 1725; x_wconf 82' lang='lat' dir='ltr'><strong>exa—</strong></span> 
     </span>
     <span class='ocr_line' id='line_1_27' title="bbox 154 1742 1526 1796; baseline 0.002 -14"><span class='ocrx_word' id='word_1_204' title='bbox 154 1744 310 1783; x_wconf 87' lang='lat' dir='ltr'><strong>minata</strong></span> <span class='ocrx_word' id='word_1_205' title='bbox 347 1744 388 1782; x_wconf 91' lang='lat' dir='ltr'><strong>et</strong></span> <span class='ocrx_word' id='word_1_206' title='bbox 424 1756 620 1795; x_wconf 87' lang='lat' dir='ltr'><strong>perpensa</strong></span> <span class='ocrx_word' id='word_1_207' title='bbox 657 1743 755 1795; x_wconf 90' lang='lat' dir='ltr'><strong>quid</strong></span> <span class='ocrx_word' id='word_1_208' title='bbox 791 1744 836 1783; x_wconf 91' lang='lat' dir='ltr'><strong>in</strong></span> <span class='ocrx_word' id='word_1_209' title='bbox 872 1744 1073 1783; x_wconf 88' lang='lat' dir='ltr'><strong>communi</strong></span> <span class='ocrx_word' id='word_1_210' title='bbox 1105 1742 1322 1796; x_wconf 84' lang='lat' dir='ltr'><strong>archetypo</strong></span> <span class='ocrx_word' id='word_1_211' title='bbox 1356 1758 1398 1783; x_wconf 87' lang='lat' dir='ltr'><strong>re</strong></span> <span class='ocrx_word' id='word_1_212' title='bbox 1429 1756 1526 1785; x_wconf 82' lang='lat' dir='ltr'><strong>vera</strong></span> 
     </span>
     <span class='ocr_line' id='line_1_28' title="bbox 155 1804 1528 1855; baseline 0.002 -13"><span class='ocrx_word' id='word_1_213' title='bbox 155 1804 279 1843; x_wconf 84' lang='lat' dir='ltr'><strong>fuisse</strong></span> <span class='ocrx_word' id='word_1_214' title='bbox 317 1805 627 1843; x_wconf 84' lang='lat' dir='ltr'><strong>consentaneum</strong></span> <span class='ocrx_word' id='word_1_215' title='bbox 664 1806 785 1854; x_wconf 85' lang='lat' dir='ltr'><strong>esset,</strong></span> <span class='ocrx_word' id='word_1_216' title='bbox 821 1804 865 1844; x_wconf 91' lang='lat' dir='ltr'><strong>id</strong></span> <span class='ocrx_word' id='word_1_217' title='bbox 903 1806 974 1843; x_wconf 89' lang='lat' dir='ltr'><strong>aut</strong></span> <span class='ocrx_word' id='word_1_218' title='bbox 1011 1805 1053 1843; x_wconf 90' lang='lat' dir='ltr'><strong>in</strong></span> <span class='ocrx_word' id='word_1_219' title='bbox 1091 1805 1205 1843; x_wconf 84' lang='lat' dir='ltr'><strong>textu</strong></span> <span class='ocrx_word' id='word_1_220' title='bbox 1235 1816 1424 1855; x_wconf 89' lang='lat' dir='ltr'><strong>ponerem</strong></span> <span class='ocrx_word' id='word_1_221' title='bbox 1445 1807 1528 1845; x_wconf 74' lang='lat' dir='ltr'><strong>&#39;aut</strong></span> 
     </span>
     <span class='ocr_line' id='line_1_29' title="bbox 154 1862 1525 1916; baseline 0.001 -13"><span class='ocrx_word' id='word_1_222' title='bbox 154 1864 198 1903; x_wconf 89' lang='lat' dir='ltr'><strong>in</strong></span> <span class='ocrx_word' id='word_1_223' title='bbox 237 1863 495 1903; x_wconf 84' lang='lat' dir='ltr'><strong>adnotatione</strong></span> <span class='ocrx_word' id='word_1_224' title='bbox 531 1863 569 1902; x_wconf 89' lang='lat' dir='ltr'>A</span> <span class='ocrx_word' id='word_1_225' title='bbox 605 1864 744 1904; x_wconf 84' lang='lat' dir='ltr'><strong>littera</strong></span> <span class='ocrx_word' id='word_1_226' title='bbox 787 1863 926 1904; x_wconf 88' lang='lat' dir='ltr'><strong>addita</strong></span> <span class='ocrx_word' id='word_1_227' title='bbox 969 1862 1254 1916; x_wconf 86' lang='lat' dir='ltr'><strong>significarem,</strong></span> <span class='ocrx_word' id='word_1_228' title='bbox 1298 1863 1525 1905; x_wconf 83' lang='lat' dir='ltr'><strong>differentes</strong></span> 
     </span>
     <span class='ocr_line' id='line_1_30' title="bbox 157 1923 1525 1976; baseline 0.002 -13"><span class='ocrx_word' id='word_1_229' title='bbox 157 1923 206 1963; x_wconf 86' lang='lat' dir='ltr'><strong>ab</strong></span> <span class='ocrx_word' id='word_1_230' title='bbox 240 1924 449 1974; x_wconf 83' lang='lat' dir='ltr'><strong>archetypi</strong></span> <span class='ocrx_word' id='word_1_231' title='bbox 478 1924 649 1964; x_wconf 83' lang='lat' dir='ltr'><strong>lectione</strong></span> <span class='ocrx_word' id='word_1_232' title='bbox 681 1925 863 1965; x_wconf 87' lang='lat' dir='ltr'><strong>codicum</strong></span> <span class='ocrx_word' id='word_1_233' title='bbox 893 1926 1131 1976; x_wconf 85' lang='lat' dir='ltr'><strong>scripturas,</strong></span> <span class='ocrx_word' id='word_1_234' title='bbox 1162 1923 1232 1963; x_wconf 89' lang='lat' dir='ltr'><strong>ubi</strong></span> <span class='ocrx_word' id='word_1_235' title='bbox 1264 1937 1329 1964; x_wconf 86' lang='lat' dir='ltr'><strong>eas</strong></span> <span class='ocrx_word' id='word_1_236' title='bbox 1362 1926 1525 1966; x_wconf 85' lang='lat' dir='ltr'><strong>enotare</strong></span> 
     </span>
     <span class='ocr_line' id='line_1_31' title="bbox 155 1983 1525 2037; baseline 0.001 -14"><span class='ocrx_word' id='word_1_237' title='bbox 155 1983 265 2023; x_wconf 83' lang='lat' dir='ltr'><strong>haud</strong></span> <span class='ocrx_word' id='word_1_238' title='bbox 294 1983 438 2022; x_wconf 82' lang='lat' dir='ltr'><strong>inutile</strong></span> <span class='ocrx_word' id='word_1_239' title='bbox 468 1983 690 2034; x_wconf 85' lang='lat' dir='ltr'><strong>videretur,</strong></span> <span class='ocrx_word' id='word_1_240' title='bbox 723 1985 863 2024; x_wconf 86' lang='lat' dir='ltr'><strong>littera</strong></span> <span class='ocrx_word' id='word_1_241' title='bbox 893 1993 928 2035; x_wconf 81' lang='grc' dir='ltr'><strong>ψ</strong></span> <span class='ocrx_word' id='word_1_242' title='bbox 959 1985 1178 2036; x_wconf 82' lang='lat' dir='ltr'><strong>signarem,</strong></span> <span class='ocrx_word' id='word_1_243' title='bbox 1211 1985 1525 2037; x_wconf 86' lang='lat' dir='ltr'><strong>quotiescunque</strong></span> 
     </span>
     <span class='ocr_line' id='line_1_32' title="bbox 156 2043 1525 2095; baseline 0.002 -12"><span class='ocrx_word' id='word_1_244' title='bbox 156 2043 357 2084; x_wconf 84' lang='lat' dir='ltr'><strong>dubitatio</strong></span> <span class='ocrx_word' id='word_1_245' title='bbox 388 2043 599 2094; x_wconf 86' lang='lat' dir='ltr'><strong>incideret,</strong></span> <span class='ocrx_word' id='word_1_246' title='bbox 633 2045 731 2084; x_wconf 89' lang='lat' dir='ltr'><strong>haec</strong></span> <span class='ocrx_word' id='word_1_247' title='bbox 768 2045 834 2084; x_wconf 86' lang='lat' dir='ltr'><strong>vel</strong></span> <span class='ocrx_word' id='word_1_248' title='bbox 863 2044 937 2084; x_wconf 90' lang='lat' dir='ltr'><strong>illa</strong></span> <span class='ocrx_word' id='word_1_249' title='bbox 968 2046 1169 2095; x_wconf 85' lang='lat' dir='ltr'><strong>scriptura</strong></span> <span class='ocrx_word' id='word_1_250' title='bbox 1205 2045 1370 2095; x_wconf 89' lang='lat' dir='ltr'><strong>propius</strong></span> <span class='ocrx_word' id='word_1_251' title='bbox 1403 2058 1427 2085; x_wconf 85' lang='lat' dir='ltr'><strong>a</strong></span> <span class='ocrx_word' id='word_1_252' title='bbox 1458 2059 1525 2086; x_wconf 85' lang='lat' dir='ltr'><strong>ve·</strong></span> 
     </span>
    </p>
   </div>
   <div class='ocr_carea' id='block_1_3' title="bbox 155 2122 444 2129">
    <p class='ocr_par' dir='ltr' id='par_1_3' title="bbox 155 2122 444 2129">
     <span class='ocr_line' id='line_1_33' title="bbox 155 2122 444 2129; baseline 0 425"><span class='ocrx_word' id='word_1_253' title='bbox 155 2122 444 2129; x_wconf 95' lang='lat' dir='ltr'><strong> </strong></span> 
     </span>
    </p>
   </div>
   <div class='ocr_carea' id='block_1_4' title="bbox 155 2169 1524 2449">
    <p class='ocr_par' dir='ltr' id='par_1_4' title="bbox 155 2169 1524 2449">
     <span class='ocr_line' id='line_1_34' title="bbox 159 2169 1523 2217; baseline 0.001 -10"><span class='ocrx_word' id='word_1_254' title='bbox 159 2172 192 2207; x_wconf 86' lang='grc' dir='ltr'><strong><em>Φ</em></strong></span> <span class='ocrx_word' id='word_1_255' title='bbox 213 2169 447 2216; x_wconf 81' lang='lat' dir='ltr'><strong>archetypon</strong></span> <span class='ocrx_word' id='word_1_256' title='bbox 468 2169 725 2217; x_wconf 81' lang='lat' dir='ltr'><strong>qualicunque</strong></span> <span class='ocrx_word' id='word_1_257' title='bbox 749 2170 811 2207; x_wconf 80' lang='lat' dir='ltr'><strong>via</strong></span> <span class='ocrx_word' id='word_1_258' title='bbox 835 2171 1006 2207; x_wconf 76' lang='lat' dir='ltr'><strong>redeunt.</strong></span> <span class='ocrx_word' id='word_1_259' title='bbox 1046 2170 1180 2207; x_wconf 89' lang='lat' dir='ltr'><strong>Ordini</strong></span> <span class='ocrx_word' id='word_1_260' title='bbox 1201 2172 1242 2207; x_wconf 90' lang='grc' dir='ltr'><em>Π</em></span> <span class='ocrx_word' id='word_1_261' title='bbox 1262 2170 1344 2207; x_wconf 81' lang='lat' dir='ltr'><strong>ads&#39;</strong></span> <span class='ocrx_word' id='word_1_262' title='bbox 1402 2171 1523 2209; x_wconf 78' lang='lat' dir='ltr'><strong>andus</strong></span> 
     </span>
     <span class='ocr_line' id='line_1_35' title="bbox 155 2217 1524 2266; baseline 0.001 -11"><span class='ocrx_word' id='word_1_263' title='bbox 155 2218 308 2256; x_wconf 81' lang='lat' dir='ltr'><strong>videtur</strong></span> <span class='ocrx_word' id='word_1_264' title='bbox 332 2217 451 2254; x_wconf 85' lang='lat' dir='ltr'><strong>codex</strong></span> <span class='ocrx_word' id='word_1_265' title='bbox 474 2217 752 2255; x_wconf 84' lang='lat' dir='ltr'><strong>Laurentianus</strong></span> <span class='ocrx_word' id='word_1_266' title='bbox 776 2218 873 2266; x_wconf 91' lang='lat' dir='ltr'><strong>plut.</strong></span> <span class='ocrx_word' id='word_1_267' title='bbox 894 2218 1078 2264; x_wconf 80' lang='lat' dir='ltr'><strong>XXXVII,</strong></span> <span class='ocrx_word' id='word_1_268' title='bbox 1099 2223 1118 2255; x_wconf 85' lang='grc'><strong>7</strong></span> <span class='ocrx_word' id='word_1_269' title='bbox 1138 2218 1214 2266; x_wconf 73' lang='lat'>(12¹)</span> <span class='ocrx_word' id='word_1_270' title='bbox 1234 2229 1321 2255; x_wconf 78' lang='lat' dir='ltr'><strong>saec</strong></span> <span class='ocrx_word' id='word_1_271' title='bbox 1366 2219 1375 2228; x_wconf 87' lang='lat'><em>&#39;</em></span> <span class='ocrx_word' id='word_1_272' title='bbox 1401 2221 1446 2256; x_wconf 82' lang='lat' dir='ltr'><strong>ut</strong></span> <span class='ocrx_word' id='word_1_273' title='bbox 1469 2221 1524 2256; x_wconf 83' lang='lat' dir='ltr'><strong>vi-</strong></span> 
     </span>
     <span class='ocr_line' id='line_1_36' title="bbox 158 2265 1524 2315; baseline 0.001 -12"><span class='ocrx_word' id='word_1_274' title='bbox 158 2267 270 2304; x_wconf 84' lang='lat' dir='ltr'><strong>detur</strong></span> <span class='ocrx_word' id='word_1_275' title='bbox 286 2265 384 2311; x_wconf 80' lang='lat' dir='ltr'>XIV,</span> <span class='ocrx_word' id='word_1_276' title='bbox 406 2265 452 2302; x_wconf 86' lang='lat' dir='ltr'><strong>de</strong></span> <span class='ocrx_word' id='word_1_277' title='bbox 472 2266 579 2303; x_wconf 84' lang='lat' dir='ltr'><strong>cuius</strong></span> <span class='ocrx_word' id='word_1_278' title='bbox 598 2267 795 2314; x_wconf 85' lang='lat' dir='ltr'><strong>scripturis</strong></span> <span class='ocrx_word' id='word_1_279' title='bbox 820 2267 867 2304; x_wconf 84' lang='grc' dir='ltr'><strong>Η.</strong></span> <span class='ocrx_word' id='word_1_280' title='bbox 893 2267 1005 2304; x_wconf 78' lang='lat' dir='ltr'><strong>Peter</strong></span> <span class='ocrx_word' id='word_1_281' title='bbox 1028 2278 1098 2304; x_wconf 79' lang='lat' dir='ltr'><strong>nos</strong></span> <span class='ocrx_word' id='word_1_282' title='bbox 1123 2267 1303 2304; x_wconf 81' lang='lat' dir='ltr'><strong>certiores</strong></span> <span class='ocrx_word' id='word_1_283' title='bbox 1327 2267 1430 2314; x_wconf 83' lang='lat' dir='ltr'><strong>fecit,</strong></span> <span class='ocrx_word' id='word_1_284' title='bbox 1456 2268 1524 2315; x_wconf 87' lang='lat' dir='ltr'><strong>qui</strong></span> 
     </span>
     <span class='ocr_line' id='line_1_37' title="bbox 158 2313 1523 2370; baseline 0.001 -18"><span class='ocrx_word' id='word_1_285' title='bbox 158 2314 250 2352; x_wconf 89' lang='lat' dir='ltr'><strong>olim</strong></span> <span class='ocrx_word' id='word_1_286' title='bbox 275 2325 362 2352; x_wconf 84' lang='lat' dir='ltr'><strong>eum</strong></span> <span class='ocrx_word' id='word_1_287' title='bbox 385 2313 613 2361; x_wconf 81' lang='lat' dir='ltr'><strong>inspexerat.</strong></span> <span class='ocrx_word' id='word_1_288' title='bbox 644 2313 864 2352; x_wconf 87' lang='lat' dir='ltr'><strong>Lectionem</strong></span> <span class='ocrx_word' id='word_1_289' title='bbox 881 2314 1042 2363; x_wconf 81' lang='lat' dir='ltr'><strong>praebet</strong></span> <span class='ocrx_word' id='word_1_290' title='bbox 1058 2315 1173 2363; x_wconf 85' lang='lat' dir='ltr'><strong>paulo</strong></span> <span class='ocrx_word' id='word_1_291' title='bbox 1191 2314 1384 2370; x_wconf 80' lang='lat' dir='ltr'><strong>puriorem</strong></span> <span class='ocrx_word' id='word_1_292' title='bbox 1407 2327 1523 2362; x_wconf 79' lang='lat' dir='ltr'><strong>quam</strong></span> 
     </span>
     <span class='ocr_line' id='line_1_38' title="bbox 155 2360 1523 2449; baseline 0.002 -50"><span class='ocrx_word' id='word_1_293' title='bbox 155 2363 294 2449; x_wconf 51' lang='lat' dir='ltr'><strong>Lessanis</strong></span> <span class='ocrx_word' id='word_1_294' title='bbox 331 2362 372 2407; x_wconf 81' lang='lat' dir='ltr'><strong>L.</strong></span> <span class='ocrx_word' id='word_1_295' title='bbox 407 2360 512 2399; x_wconf 83' lang='lat' dir='ltr'><strong>nullo</strong></span> <span class='ocrx_word' id='word_1_296' title='bbox 549 2364 679 2400; x_wconf 81' lang='lat' dir='ltr'><strong>tamen</strong></span> <span class='ocrx_word' id='word_1_297' title='bbox 716 2363 856 2400; x_wconf 79' lang='lat' dir='ltr'><strong>artiore</strong></span> <span class='ocrx_word' id='word_1_298' title='bbox 895 2363 1132 2411; x_wconf 79' lang='lat' dir='ltr'><strong>cog-nationis</strong></span> <span class='ocrx_word' id='word_1_299' title='bbox 1169 2362 1320 2399; x_wconf 78' lang='lat' dir='ltr'><strong>vinculo</strong></span> <span class='ocrx_word' id='word_1_300' title='bbox 1359 2375 1444 2400; x_wconf 89' lang='lat' dir='ltr'><strong>cum</strong></span> <span class='ocrx_word' id='word_1_301' title='bbox 1476 2375 1523 2402; x_wconf 87' lang='lat' dir='ltr'><strong>eo</strong></span> 
     </span>
     <span class='ocr_line' id='line_1_39' title="bbox 158 2412 345 2449; baseline -0.005 0"><span class='ocrx_word' id='word_1_302' title='bbox 158 2423 202 2449; x_wconf 84' lang='lat' dir='ltr'><strong>oo</strong></span> <span class='ocrx_word' id='word_1_303' title='bbox 255 2412 345 2449; x_wconf 82' lang='lat' dir='ltr'><strong>eret.</strong></span> 
     </span>
    </p>
   </div>
  </div>
 </body>
</html>
