1618 2554
515 90 772 128 HERGVLES
798 90 1058 141 [OETAEVSJ
1386 93 1475 137 333

96 193 174 234 aut
202 192 352 247 pereat
381 192 458 234 aut
489 205 559 234 me
591 190 797 247 perimat3
828 190 947 234 elisis
978 190 1082 234 feris
1404 203 1475 236 340

97 254 142 295 et
172 249 402 309 coniugem
433 250 582 306 addat,
613 251 728 294 inter
756 249 997 294 Herculeos
1029 252 1132 296 licet

97 326 168 355 me
198 325 374 368 quoque
404 311 576 354 labores
607 313 823 354 numeret:
854 309 1035 356 Alcidae
1066 314 1186 356 toros

97 372 311 416 moritura
340 374 456 415 certe
487 385 668 428 corpore
693 371 940 427 amplectar
969 387 1079 416 meo.

97 433 181 487 ire,
211 433 274 476 ire
303 432 360 476 ad
388 431 566 475 umbras
597 431 802 475 Herculis
833 435 1014 489 nuptam
1047 433 1174 489 libet,
1270 470 1273 471 γ

97 492 173 537 sed
201 507 294 541 non
323 492 527 536 inultam:
559 492 597 535 si
628 493 734 548 quid
766 507 819 535 ex
849 495 999 536 nostro
1032 493 1220 538 Hercule
1402 505 1474 538 345

97 553 299 610 concepit
329 551 442 609 Iole,
473 552 676 596 manibus
707 553 892 596 evellam
923 554 1031 597 meis

98 615 199 658 ante
229 616 275 658 et
304 628 382 670 per
412 614 530 670 ipsas
561 612 772 670 paelicem
805 614 1007 657 invadam
1038 614 1167 658 faces.

97 689 169 718 me
197 674 388 732 nuptiali
418 674 643 718 victimam
673 672 803 717 feriat
834 674 903 717 die

97 735 302 791 infestus,
331 732 457 778 Iolen
487 734 591 778 dum
623 749 755 791 supra
785 736 1029 779 exanimem
1060 751 1198 779 ruam.

97 796 206 840 felix
235 796 349 840 iacet
379 795 644 852 quicumque
674 809 784 851 quos
816 795 908 855 odit
938 796 1110 852 premit.
1407 808 1477 841 350

97 867 208 900 ΠΤ.
240 855 354 907 Quid
383 855 481 913 ipsa
510 855 708 899 flammas
740 856 883 912 pascis
914 859 959 899 et
990 859 1162 900 vastum
1194 857 1316 900 foves

97 917 215 961 ultro
247 916 473 960 dolorem?
504 916 681 972 misera,
713 916 817 972 quid
847 930 1020 960 cassum
1051 918 1211 961 times?

98 977 254 1022 dilexit
281 975 423 1020 Iolen:
453 990 611 1033 nempe
642 991 742 1020 cum
775 979 908 1021 staret
939 992 1095 1033 parens

97 1037 302 1098 regisque
331 1039 481 1080 natam
511 1039 689 1094 peteret.
753 1038 799 1080 in
828 1038 1020 1082 famulae
1049 1039 1197 1082 locum

98 1099 252 1157 regina
281 1097 456 1142 cecidit:
487 1097 679 1154 perdidit
708 1098 821 1141 vires
854 1102 978 1141 amor'
1406 1111 1476 1142 355

99 1160 376 1215 multumque
406 1158 461 1202 ab
494 1158 571 1201 illa
601 1159 738 1201 traxit
769 1158 922 1202 infelix
953 1160 1106 1202 status.

100 1219 256 1264 illicita
286 1221 499 1274 amantur,
530 1218 696 1262 excidit
728 1219 936 1276 quicquid
966 1220 1080 1263 licet.

100 1291 195 1323 DEI.
228 1278 423 1323 Fortuna
453 1294 645 1323 amorem
677 1280 801 1336 peior
832 1279 1075 1323 inflammat
1106 1281 1263 1338 magis:

100 1343 219 1385 amat
249 1340 320 1384 vel
349 1340 495 1397 ipsum
527 1340 645 1396 quod
675 1343 793 1384 caret
824 1340 966 1397 patrio
998 1341 1106 1397 lare,

101 1401 220 1458 quod
249 1399 393 1444 nudus
424 1415 530 1461 auro
562 1400 695 1444 crinis
727 1403 771 1444 et
802 1416 974 1459 gemma
1005 1402 1133 1456 iacet,
1407 1412 1477 1444 360

100 1462 219 1519 ipsae
249 1461 494 1504 misericors
524 1461 675 1505 forsan
705 1476 932 1505 aerumnas
964 1465 1099 1519 amat3

100 1521 186 1566 hoc
216 1522 426 1565 usitatum
459 1524 525 1565 est
554 1520 753 1565 Herculi:
785 1525 934 1579 captas
966 1524 1094 1566 amat.

101 1595 210 1626 ΠΤ.
240 1581 414 1626 Dilecta
443 1581 607 1626 Priami
637 1597 794 1639 nempe
827 1581 1036 1626 Dardanii
1066 1597 1190 1626 soror

101 1657 307 1688 concessa
336 1643 503 1686 famula
533 1645 616 1699 est3
648 1643 769 1687 adice
801 1646 909 1699 quot
939 1645 1098 1700 nuptas
1129 1644 1268 1700 prius,

102 1706 212 1761 quot
240 1703 431 1762 virgines
464 1702 634 1747 dilexit:
667 1704 827 1747 erravit
856 1719 1006 1762 vagus.
1408 1715 1476 1747 355

101 1762 289 1808 Arcadia
318 1779 475 1820 nempe
506 1764 652 1822 virgo,
681 1764 900 1808 Palladios
932 1765 1090 1808 choros

102 1824 206 1868 dum
237 1825 393 1880 nectit,
422 1823 567 1883 Auge,
597 1824 688 1868 vim
720 1825 862 1882 stupri
893 1839 1019 1881 passa
1050 1824 1210 1868 excidit

101 1885 354 1941 nullamque
386 1886 546 1928 amoris
577 1884 788 1930 Hercules
820 1886 979 1929 retinet
1009 1888 1171 1929 notam.

201 1993 272 2027 840
297 1995 384 2028 ante
407 1991 512 2030 elisis
543 1993 707 2039 epatium
731 1993 899 2029 relictwm
925 2007 987 2029 xm
1007 1992 1216 2030 litterarum
1240 1996 1269 2028 B
1296 1993 1441 2037 (Rfflb.)
1467 1992 1480 2040 ξΙ

104 2042 176 2076 844
200 2038 357 2076 Herculi
384 2039 555 2076 iunctam
579 2040 672 2077 licet
695 2044 727 2077 Δ
768 2041 781 2087 ΙΙ
824 2044 895 2077 846
921 2039 1083 2077 avellam
1107 2044 1182 2085 Εψ
1224 2042 1238 2087 ΙΙ
1281 2044 1353 2076 852
1378 2040 1479 2077 ultro

103 2087 140 2124 d.
158 2086 319 2136 {minema
343 2100 380 2134 q.
400 2100 431 2125 c.
452 2090 480 2126 t
502 2093 532 2125 Β
554 2090 561 2136 1
583 2100 712 2126 casum
738 2101 776 2126 ω
801 2099 894 2128 corr.
914 2089 1191 2136 Lipsiusfl858
1217 2089 1308 2125 dum
1334 2091 1480 2125 starent

102 2135 1478 2184 ΙποεΔη81548ώωί81111Εῠ8ὕ6ν1111ς11111ᾳ11ε131111οωοοπ.

104 2184 155 2220 N.
183 2184 534 2231 Heinsiusp.441
569 2187 575 2233 Ι
610 2188 714 2223 statu
739 2186 813 2222 Δ(τ)
842 2188 850 2233 Ι
882 2196 1025 2224 versum
1055 2186 1124 2223 del.
1157 2186 1311 2223 Tachau
1338 2198 1377 2232 Ρ.
1405 2188 1480 2222 736

102 2233 342 2280 1301139484.
370 2234 384 2280 ΙΙ
398 2197 483 2270 1856
507 2234 631 2281 ipsam
655 2242 694 2279 ψ
722 2236 736 2282 ΙΙ
764 2238 836 2272 862
860 2245 929 2272 om.
949 2237 978 2270 Β
1001 2236 1006 2281 Ι
1028 2235 1170 2271 nutrici
1192 2235 1306 2271 datur
1331 2238 1362 2269 Δ
1386 2245 1478 2271 corr

104 2281 237 2322 Delrio
278 2282 292 2328 ΙΙ
333 2284 404 2318 868
429 2282 576 2328 priamo
601 2287 633 2319 Δ
668 2286 681 2327 fl
717 2286 790 2319 864
814 2282 959 2319 famulo
983 2290 1022 2327 ψ
1058 2284 1072 2330 u
1109 2285 1180 2319 866
1206 2282 1389 2319 archadia
1413 2286 1442 2318 Ε
1467 2282 1480 2330 Η

103 2332 183 2415 Ξοὲ
199 2329 342 2414 rletinet
365 2329 543 2367 Herculei
574 2333 706 2369 notam
729 2335 762 2367 Δ,
791 2330 931 2368 retinet
964 2330 1139 2367 Herculis
1169 2333 1300 2367 notam
1324 2335 1354 2366 Β
1384 2341 1477 2368 corr.
