1618 2554
667 134 906 173 PHAEDRA
1396 139 1417 180 1
1425 137 1483 181 73

98 235 206 294 quid
235 238 281 280 te
312 234 517 279 coherces
548 238 594 278 et
624 250 754 280 necas
784 238 949 280 rectam
982 236 1205 280 indolem?

97 311 223 356 seges
254 295 343 340 illa*
362 310 572 354 magnum
603 296 731 340 fenus
762 297 980 354 agricolae
1013 296 1136 341 dabit
1410 308 1480 341 455

97 371 400 414 quaecumque
429 356 556 399 laetis
588 359 738 401 tenera
766 357 962 400 luxuriat
993 358 1118 413 satis,

97 417 314 475 arborque
346 418 463 461 celso
498 418 657 461 vertice
689 418 860 462 evincet
889 433 1044 462 nemus

98 493 246 548 quam
260 493 353 522 non
383 478 578 536 maligna
609 477 752 522 caedit
785 481 862 522 aut
890 482 1075 523 resecat
1088 494 1262 523 manus:

98 539 277 597 ingenia
306 539 463 582 melius
495 542 615 582 recta
645 553 692 582 se
723 539 770 583 in
799 538 951 584 laudes
982 538 1147 596 ferunt,

97 601 137 644 si
166 597 362 643 nobilem
394 600 590 643 anjmum
620 602 777 658 vegeta
805 600 986 644 libertas
1016 600 1106 644 alit.
1410 612 1481 644 460

97 660 372 704 truculentus
405 663 448 702 et
481 661 681 704 silvester
711 675 763 704 ac
792 660 908 705 vitae
939 661 1104 706 inscius

97 721 270 765 tristem
299 721 524 764 iuventam
548 720 720 765 Venere
750 721 921 765 deserta
951 722 1099 766 coles?

97 781 184 826 hoc
214 796 309 825 esse
338 797 499 825 munus
530 781 669 826 credis
699 782 914 827 indictum
944 783 1069 840 viris,

98 845 152 886 ut
180 842 289 887 dura
318 842 524 897 tolerent,
556 842 756 887 cursibus
787 842 1005 887 domitent
1034 858 1172 901 equos

99 906 145 947 et
174 918 304 947 saeva
334 903 451 947 bella
480 902 622 947 Marte
653 903 893 962 sanguineo
924 904 1110 963 gerant?
1410 916 1480 948 46⁶

100 978 234 1021 quam
263 963 386 1008 varia
414 964 493 1007 leti
524 979 683 1022 genera
712 965 944 1009 mortalem
972 964 1155 1009 trahunt
1411 976 1480 1009 476

98 1027 371 1083 carpuntque
401 1025 595 1081 turbam,
625 1028 789 1082 pout-us
819 1028 864 1069 et
893 1025 1056 1070 ferrum
1090 1029 1135 1069 et
1166 1025 1274 1070 doli!
1410 1037 1481 1070 476

98 1085 293 1143 providit
323 1086 398 1129 ille
430 1085 647 1129 maximus
676 1086 831 1129 mundi
861 1101 1037 1143 parens,
1410 1098 1482 1130 466

100 1160 202 1190 cum
233 1149 323 1189 tam
354 1161 534 1203 rapaces
565 1149 762 1191 cerneret
790 1145 888 1190 Fati
920 1162 1095 1203 manus,

99 1208 153 1250 ut
182 1206 343 1250 damna
374 1222 546 1264 semper
575 1206 730 1251 subole
758 1210 981 1265 repararet
1010 1222 1134 1252 nova.

101 1267 178 1311 sed
207 1267 301 1311 fata
330 1267 481 1312 credas
514 1268 655 1311 desse:
687 1268 752 1312 sic
782 1271 922 1312 atram
955 1266 1095 1327 Styga
1412 1280 1481 1312 477

101 1328 189 1372 iam
219 1328 411 1385 petimus
441 1329 572 1372 ultm.
634 1328 846 1373 caelibem
875 1329 1014 1373 vitam
1043 1328 1203 1386 probet

102 1389 263 1432 sterilis
293 1389 515 1433 iuventus:
546 1389 633 1434 hoc
664 1390 766 1446 erit,
798 1390 1010 1447 quicquid
1039 1390 1180 1447 vides,

101 1450 232 1493 unius
264 1450 359 1493 aevi
388 1450 519 1494 turba
551 1453 595 1494 et
626 1450 673 1494 in
703 1454 842 1495 semet
869 1454 980 1494 ruet.
1411 1462 1483 1495 480

102 1510 283 1554 excedat·
313 1511 500 1569 agedum
530 1511 662 1555 rebus
692 1511 897 1555 humanis
922 1511 1093 1568 Venus,
1411 1523 1482 1556 469

102 1585 215 1628 quae
245 1572 423 1629 supplet
454 1586 506 1617 ac
534 1573 730 1616 restituit
761 1572 1022 1616 exhaustum
1054 1587 1209 1631 genus:
1412 1583 1483 1617 470

103 1631 222 1675 orbis
254 1631 415 1676 iacebit
445 1633 645 1689 squah'do
677 1633 819 1690 turpis
850 1633 957 1689 situ,

102 1706 289 1736 vacuum
321 1693 414 1737 sine
444 1693 548 1737 ullis
579 1694 775 1750 piscibus
806 1694 942 1738 stabit
971 1709 1108 1749 mare,

102 1753 279 1810 alesque
310 1754 431 1798 caelo
464 1754 576 1797 derit
606 1758 651 1798 et
681 1755 805 1798 silvis
834 1754 928 1798 fera

104 1813 210 1857 solis
243 1817 286 1857 et
316 1829 391 1858 aer
419 1815 595 1871 pervius
626 1816 770 1859 ventis
801 1816 895 1859 erit.
1412 1826 1484 1860 474

103 1874 287 1930 proinde
320 1876 433 1918 vitae
465 1890 644 1932 sequere
674 1880 877 1920 naturam
908 1876 1081 1920 ducem:
1412 1887 1480 1920 481

102 1933 256 1978 urbem
286 1936 534 1993 frequenta,
565 1937 729 1980 civium
760 1940 935 1981 coetum
966 1937 1072 1981 cole.

103 2006 228 2038 Hn’P.
261 1994 365 2040 Non
396 1997 483 2039 alia
512 1998 654 2056 magis
686 2000 752 2041 est
781 1997 920 2041 libera
953 2000 997 2042 et
1026 1997 1138 2042 vitio
1170 2012 1335 2043 carens<

200 2142 274 2176 ’454
298 2139 661 2187 cohercetsssuwff
688 2141 1004 2188 euincitAu459
1027 2153 1057 2178 r.
1077 2140 1165 2178 inl.
1186 2152 1227 2178 se
1251 2140 1486 2188 feruntAvu

104 2190 173 2224 461
196 2187 366 2225 etuitae
390 2190 543 2236 Auca
568 2188 834 2236 colisAum
861 2189 1019 2226 doment
1042 2193 1094 2226 A
1116 2191 1230 2237 {post
1253 2202 1286 2227 v.
1305 2193 1378 2227 465
1402 2202 1486 2227 cum

105 2235 231 2273 Leone
246 2236 439 2275 collocavit
450 2237 603 2275 Richter
613 2241 825 2283 475-480,
845 2239 1073 2285 interpositis
1090 2243 1215 2275 tamen
1232 2250 1313 2276 cun
1327 2240 1487 2285 Peipero

104 2284 204 2321 inter
226 2287 300 2321 4⁷0
323 2289 359 2322 et
380 2289 452 2323 4ϊτ
472 2286 636 2323 vers-”em
653 2267 967 2355 468-46'811477
995 2287 1063 2323 sed
1087 2286 1165 2323 ista
1189 2287 1267 2326 Leo
1283 2291 1299 2334 ι
1315 2290 1386 2324 467
1411 2286 1487 2324 fati

106 2332 231 2369 minas
254 2335 287 2369 A
316 2334 330 2380 fl
358 2336 432 2371 468
457 2333 587 2370 sobole
611 2345 658 2371 ex
682 2334 817 2371 subole
840 2333 890 2371 3²
910 2333 938 2382 ‘fl
974 2339 1047 2371 470
1070 2335 1250 2373 restituet
1272 2339 1302 2371 Β
1324 2337 1332 2382 Ι
1352 2334 1486 2372 huma-

105 2384 438 2467 ιιιὲιιιεςλΔΗιη
462 2381 553 2419 ullis
578 2382 765 2420 classibus
790 2396 828 2420 ω
852 2394 946 2420 corn
975 2383 1052 2422 Leo
1077 2384 1391 2431 (Bantiamuwa
1419 2394 1487 2430 pe-

107 2440 149 2465 m
