1618 2554
667 107 947 145 PRAEFATIO
1444 109 1498 145 XI

117 211 401 253 demonstravi.
473 210 606 257 Quare
649 210 774 251 aliam
817 212 904 263 ipse
948 212 1059 251 viam
1100 212 1303 264 ingressus
1347 225 1496 252 novum

115 272 322 325 quoddam
363 272 529 311 initium
572 273 613 311 et
657 267 798 324 caput,
841 271 948 312 unde
991 273 1254 324 investigatio
1297 271 1496 323 proficisci

116 335 265 386 posset,
293 333 495 373 invenisse
525 331 628 372 mibi
657 331 809 372 videor.
859 331 996 384 Atque
1026 333 1203 383 primum
1234 333 1389 384 primae
1413 335 1495 372 tra·

117 392 284 446 goediae
321 393 522 442 canticum
561 393 753 444 quoniam
795 393 839 432 in
876 392 910 432 E
948 393 1152 445 integrum
1189 394 1251 432 est
1286 393 1496 444 traditum,

115 454 162 494 in
190 454 395 506 plerisque
430 452 673 494 recensionis
704 453 743 492 A
776 453 892 494 libris
929 454 1064 505 priore
1100 455 1218 505 parte
1255 456 1384 503 caret,
1417 453 1495 493 duo

117 514 238 555 facile
275 514 493 566 distingui
509 515 680 566 possunt
720 513 1058 565 interpolatorum
1097 513 1295 554 librorum
1335 527 1494 567 genera.

115 573 299 614 Primum
328 575 457 627 igitur
488 573 761 625 quaerendum
792 574 901 624 duxi,
933 574 986 615 ad
1016 576 1156 614 utrum
1188 587 1314 626 genus
1345 575 1496 627 singuli

114 634 238 675 huius
267 635 511 675 recensionis
542 635 637 674 libri
667 636 928 686 pertinerent,
958 637 1050 675 tum
1088 647 1167 686 quo
1198 637 1378 686 tempore
1410 635 1495 685 illa,

116 697 230 736 cuius
261 696 507 735 mentionem
538 695 628 745 feci,
659 695 819 735 iactura
849 696 960 736 facta
991 707 1077 736 esse
1108 695 1323 736 videretur.
1381 694 1495 742 Quod

116 757 152 796 si
182 755 337 795 factum
374 756 497 805 esset,
534 757 658 795 etiam
697 755 745 794 de
784 756 1045 796 Trevethiani
1082 758 1217 796 textus
1252 757 1494 796 auctoritate

115 817 265 857 certius
295 815 468 856 iudicari
498 828 616 867 posse
645 816 748 855 mihi
784 818 977 867 persuasi.
1040 816 1128 856 Hac
1166 818 1306 857 autem
1343 816 1495 868 disqui-

115 877 263 918 sitione
303 876 347 915 in
388 875 698 922 Quaestionibus
740 878 891 917 criticis
932 891 971 929 p.
1011 877 1155 917 1--13
1201 878 1411 929 proposita
1453 877 1495 916 id

115 939 351 978 consecutus
384 949 484 985 sum,
514 939 562 976 ut
592 937 818 976 luculenter
855 937 1183 988 demonstrarem,
1222 937 1493 989 compluribus

114 997 287 1038 saeculis
319 998 413 1037 ante
443 999 605 1037 renatas
635 998 680 1036 in
711 997 836 1037 Italia.
866 998 1025 1039 litteras
1063 998 1219 1038 codices
1250 1000 1494 1039 recensionis

113 1058 386 1108 interpolatae
424 1058 618 1108 extitisse,
654 1058 726 1109 qui
762 1059 844 1098 ista
882 1059 1032 1099 cantici
1074 1061 1190 1110 parte
1232 1061 1414 1099 carerent
1450 1060 1494 1098 in

116 1130 244 1169 eoque
275 1130 440 1157 numero
473 1118 596 1158 etiam
627 1118 889 1160 'Px-evethiani
926 1119 1073 1159 codicis
1113 1120 1317 1171 exemplar
1349 1119 1494 1170 fuisse3

115 1178 208 1218 hinc
240 1179 423 1228 sequitur
447 1179 565 1230 longe
591 1180 684 1218 ante
718 1178 822 1218 illud
847 1192 991 1220 aevum
1017 1179 1204 1220 lacunam
1229 1181 1494 1220 memoratam

115 1250 202 1279 esse
239 1240 387 1288 ortam,
432 1242 481 1278 ut
517 1239 604 1278 veri
642 1239 774 1278 simile
812 1241 884 1289 sit,
923 1242 1125 1292 quotquot
1165 1242 1300 1280 extent
1338 1240 1493 1281 codices

116 1299 285 1353 lacunae
316 1299 548 1350 participes,
579 1311 646 1339 eos
678 1312 815 1339 omnes
854 1300 905 1340 ad
937 1301 1222 1341 auctoritatem
1256 1300 1493 1342 descendere

114 1359 244 1399 multo
270 1359 543 1410 vetustiorem,
568 1361 691 1410 quam
715 1359 839 1400 libros
867 1374 890 1400 a
914 1361 1205 1402 recentioribus
1227 1360 1345 1401 Italis
1370 1362 1493 1402 inter-

114 1420 286 1471 polatos.
349 1418 480 1466 Quare
520 1420 556 1460 si
592 1422 846 1473 contigisset,
887 1423 934 1460 ut
977 1421 1098 1462 huius
1143 1421 1295 1462 ordinis
1337 1422 1492 1462 codices

116 1480 274 1531 aliquot
315 1479 608 1531 invenirentur,
651 1493 751 1531 quos
792 1481 1011 1534 diligenter
1050 1483 1279 1533 exploratos
1322 1482 1372 1522 ab
1413 1484 1493 1523 isto

114 1541 226 1581 fonte
256 1540 494 1592 repetendos
526 1553 611 1581 esse
642 1541 806 1592 probari
836 1545 990 1593 posset,
1025 1555 1164 1582 eorum
1195 1543 1387 1583 lectiones
1419 1556 1493 1594 pro

96 1602 225 1646 ,certo
266 1602 307 1640 et
343 1599 483 1641 stabili
525 1601 788 1642 fimdamento
832 1604 1075 1646 recensionis
1111 1603 1151 1642 A
1187 1604 1492 1644 constituendae

114 1661 255 1701 haberi
286 1673 414 1712 posse.
470 1661 519 1700 Id
549 1675 644 1702 vero
676 1663 722 1701 ut
747 1675 1093 1714 consequeremur,
1123 1663 1325 1704 indefessa
1357 1677 1403 1703 ac
1434 1664 1492 1703 la-

114 1721 275 1762 boriosa
306 1721 480 1763 Pnrpnm
508 1721 710 1762 industria
741 1724 895 1763 factum
927 1727 998 1764 est.
1062 1724 1101 1763 Is
1139 1725 1248 1764 enim
1285 1737 1366 1764 non
1401 1725 1491 1763 tan·

115 1783 204 1821 tum
234 1781 383 1821 codicis
414 1782 686 1839 Rehdigerani
718 1797 754 1822 n.
786 1785 840 1823 14
879 1784 1140 1835 lectionibus,
1178 1797 1297 1835 quem
1328 1785 1492 1824 unicum

116 1841 289 1881 diximus
329 1842 423 1882 libri
461 1843 722 1883 Trevethiani
758 1845 1036 1897 apographum
1074 1845 1139 1884 vel
1177 1845 1402 1898 apographi
1439 1845 1491 1884 si-

115 1902 254 1941 milem
303 1902 435 1942 adhuc
483 1906 688 1954 repertum
730 1917 816 1944 esse
829 1935 839 1954 ,
883 1907 1084 1956 quotquot
1127 1919 1149 1945 e
1192 1906 1510 1950 commentm‘iis·

116 1962 397 2003 Trevethianis
442 1963 535 2004 elici
578 1966 767 2015 poterant
817 1967 965 2005 veteris
1016 1967 1254 2017 exemplaris
1298 1966 1490 2006 lectiones

116 2022 277 2073 adiecit,
307 2036 449 2063 verum
480 2025 605 2064 etiam
636 2037 763 2065 novos
794 2024 961 2075 codices,
991 2027 1036 2065 in
1067 2026 1212 2077 quibus
1244 2026 1363 2066 lectio
1396 2026 1490 2066 Tre·

116 2082 309 2123 vethiana
339 2096 431 2124 cum
461 2086 595 2124 vetere
626 2084 824 2125 Italorum
862 2086 1035 2126 lectione
1073 2086 1368 2138 quodammodo
1401 2099 1491 2126 eoa-

117 2141 239 2183 luisse
281 2143 462 2194 videtur,
506 2144 616 2184 felici
659 2147 807 2186 eventu
850 2147 1076 2198 exploravit
1118 2147 1219 2197 duo,
1262 2147 1490 2198 exploratos

116 2214 275 2244 summa
300 2215 396 2244 ,cum
434 2204 647 2257 diligentia
684 2207 858 2246 excussit
896 2209 937 2246 et
973 2201 1334 2247 Weidmannianae
1373 2206 1491 2246 editi-

118 2264 205 2302 onis
237 2265 455 2316 exemplari
480 2264 709 2315 adscripsit·
756 2265 860 2305 Sunt
886 2269 1023 2307 autem
1047 2267 1361 2320 Augustanus
1388 2267 1491 2306 liber

117 2323 269 2372 saeculi
287 2320 396 2374 XIV,
414 2324 682 2367 bibliothecae
702 2327 881 2372 civitatis
902 2329 943 2366 et
960 2328 1057 2380 pagi
1078 2322 1231 2378 (Kreis-
1252 2327 1334 2366 und
1355 2326 1489 2367 Stadt-

116 2379 361 2438 bibliothek)
384 2388 426 2424 'n.
451 2385 589 2424 xxm
608 2381 736 2440 (Ag),
769 2388 810 2426 et
835 2386 927 2426 San
936 2386 1195 2440 gallensis,
1222 2387 1488 2427 bibliothecae
