1618 2554
663 136 870 175 OEDIPVS
1072 116 1077 119 ζ
1369 139 1458 182 225

81 236 280 293 interque
311 238 436 281 natos
468 235 662 280 Tantalis
695 235 868 278 tandem
903 250 1003 279 suos

78 298 179 340 tuto
210 297 396 354 superba
426 296 512 340 fert
543 298 674 353 caput
703 295 820 339 fastu
853 310 983 353 grave

80 359 126 401 et
155 359 355 400 numerat
386 357 571 400 umbras.
634 356 757 413 peior
788 356 869 400 hac
901 358 1098 414 genetrix
1131 358 1254 400 adest
1387 369 1458 402 615

78 416 314 461 furibunda
333 417 509 476 Agaue,
540 419 634 460 tota
665 430 795 472 quam
825 417 1025 472 sequitur
1055 425 1210 461 manus

80 477 243 534 partita
274 492 438 535 regem:
471 477 669 533 sequitur
699 480 743 520 et
774 476 968 520 Bacchas
999 478 1116 521 lacer

78 536 299 582 Pentheus
330 540 534 594 tenetque
567 551 720 581 saevus
751 538 882 579 etiam
914 552 1031 581 nunc
1061 538 1214 583 minas.

78 597 466 651 tandemsvocatus
498 612 626 654 saepe
657 596 960 653 pudibundum
993 598 1152 642 extulit

79 660 214 714 caput
244 661 377 714 atque
408 658 462 701 ab
496 657 615 701 omni
647 657 825 701 dissidet
854 657 985 701 turba
1015 661 1168 715 procul
1390 670 1460 703 620

78 717 278 775 celatque
310 721 447 763 semet
477 716 635 776 (instat
664 719 708 761 et
739 716 915 776 Stygias
946 733 1098 775 preces

79 779 278 836 geminat
307 777 526 836 sacerdos,
556 777 694 822 donec
724 778 771 821 in
802 780 1000 834 apertum
1034 778 1186 822 efferat

77 837 230 883 vultus
261 836 456 898 opertos)
488 838 620 882 Laius
649 863 701 871 —
733 838 815 881 fari
846 836 1023 883 horreo:

77 899 206 943 stetit
235 912 314 956 per
343 901 464 943 artus
495 898 706 958 sanguine
738 899 874 943 effuso
907 898 1130 955 horridus,

76 958 264 1016 paedore
295 959 424 1003 foedo
456 957 700 1016 squalidam
731 959 933 1003 obtectus
965 973 1154 1016 comam,
1386 970 1458 1004 625

80 1023 126 1064 et
157 1033 232 1062 ore
263 1019 416 1064 rabido
446 1018 581 1064 fatur:
614 1017 668 1062 ‘0
699 1017 852 1063 Cadmi
885 1019 1031 1076 effera,

77 1093 232 1125 cruore
261 1094 434 1136 semper
462 1080 578 1124 laeta
609 1082 796 1138 cognato
829 1080 1002 1128 domus,

78 1139 249 1184 vibrate
280 1139 473 1197 thyrsos,
505 1139 662 1183 enthea
693 1143 850 1198 gnatos
882 1154 1014 1185 manu

78 1198 266 1244 lacerate
297 1200 444 1258 potius
469 1225 523 1232 —
554 1200 792 1244 maximum
826 1198 988 1244 Thebis
1020 1199 1160 1243 scelus

77 1263 302 1305 maternus
333 1275 456 1305 amor
488 1263 563 1304 est.
626 1262 785 1317 patria,
816 1274 904 1304 non
938 1259 1003 1303 ira
1033 1259 1159 1304 deum
1385 1271 1460 1305 630

79 1320 157 1364 sed
188 1320 347 1365 scelere
378 1322 561 1378 raperis:
594 1334 678 1363 non
713 1322 836 1379 gravi
868 1320 976 1363 flatu
1008 1320 1088 1364 tibi

76 1380 296 1425 luctificus
322 1379 484 1425 Auster
514 1396 595 1426 nec
625 1395 781 1437 parum
813 1380 964 1437 pluvio
997 1380 1170 1424 aethere

77 1440 238 1485 satiata
267 1436 399 1485 tellus
429 1441 571 1485 halitu
602 1442 716 1484 sicco
749 1443 896 1492 nocet,

76 1500 154 1545 sed
185 1516 262 1546 rex
293 1504 516 1558 cruentus,
546 1501 688 1559 pretia
719 1502 794 1558 qui
827 1515 979 1544 saevae
1010 1502 1128 1545 nec-is

78 1564 250 1619 sceptra
281 1564 326 1606 et
355 1562 564 1606 nefandos
595 1564 783 1618 occupet
812 1560 1031 1605 thalamos
1064 1561 1202 1621 patris
1386 1572 1459 1606 635

77 1622 256 1680 egitque
287 1622 334 1665 in
365 1626 486 1666 ortus
517 1626 654 1666 semet
684 1625 729 1665 et
759 1621 889 1665 matri
921 1621 1082 1677 impios
1387 1634 1458 1667 638

76 1684 194 1726 fetus
226 1683 429 1740 regessit,
460 1683 641 1739 quique,
672 1682 747 1726 vix
778 1696 875 1725 mos
907 1684 974 1725 est
1003 1682 1127 1734 feris,

76 1742 234 1786 fratres
265 1742 347 1786 sibi
378 1742 473 1800 ipse
503 1743 657 1802 genuit
680 1767 741 1774 —-
766 1741 1029 1798 implicitum
1062 1743 1227 1786 malum
1384 1753 1455 1786 640

79 1802 306 1861 magisque
338 1806 581 1847 monstrum
613 1801 811 1861 Sphinge
842 1802 1098 1860 perplexum
1130 1816 1221 1848 sua.

78 1863 220 1907 invisa
250 1864 415 1921 proles:
447 1864 522 1907 sed
553 1866 701 1907 tamen
732 1863 855 1920 peior
887 1875 1041 1920 parens
1389 1873 1460 1907 636

79 1938 211 1980 quam
244 1926 420 1982 gnatus,
450 1927 575 1968 utero
607 1938 758 1967 rursus
791 1923 982 1967 infausto
1014 1926 1170 1981 gravis.
1387 1934 1456 1967 637

79 1987 141 2040 te,
174 1987 216 2028 te
249 1987 425 2029 cruenta
457 1987 627 2042 sceptra
658 1984 736 2041 qui
768 1983 920 2028 dextra
952 1986 1083 2042 geris,
1388 1993 1458 2027 642

78 2047 123 2087 te
155 2048 278 2102 pater
310 2045 475 2090 inultus
507 2045 614 2089 urbe
646 2059 746 2088 cum
778 2047 873 2088 tota
904 2046 1051 2102 petam

179 2178 246 2211 614
271 2175 378 2222 gravi
403 2179 433 2212 Δ
469 2177 483 2223 η
522 2178 587 2212 615
615 2175 723 2223 peior
748 2186 793 2212 ac
819 2178 868 2210 Ar
904 2176 919 2222 ΙΙ
953 2177 1017 2212 617
1044 2173 1237 2211 Bacchum
1261 2183 1369 2212 sacer
1393 2186 1421 2210 α

78 2225 148 2259 819
174 2223 420 2270 pudibundus
445 2227 494 2260 Af
517 2226 622 2271 {1624
648 2223 833 2271 stetitque
858 2226 906 2259 At
934 2225 939 2270 Ι
962 2222 1135 2260 horridos
1161 2221 1212 2259 N.
1237 2221 1424 2262 Hedonen

78 2274 151 2308 625
178 2272 358 2310 obtentus
383 2285 421 2310 ω
447 2284 538 2310 cor-r.
560 2284 586 2310 τ
629 2276 642 2320 ΙΙ
685 2275 757 2308 028
783 2271 951 2319 penthea
974 2275 1004 2308 B
1036 2270 1174 2308 ethnea
1200 2273 1250 2306 A«
1279 2281 1371 2309 corr.
1393 2282 1423 2307 α
1456 2270 1460 2318 Ι

78 2323 154 2356 62⁹
179 2322 370 2357 macerate
400 2325 430 2357 Ε
474 2324 487 2367 η
530 2324 601 2357 634
633 2320 780 2368 premia
806 2323 836 2355 A
878 2322 892 2367 u
934 2322 1101 2356 oseem
1131 2323 1215 2365 post
1239 2321 1306 2355 641
1333 2319 1462 2366 posu-it

81 2367 233 2405 Richter
256 2368 369 2415 symb.
386 2380 424 2416 p.
450 2371 496 2406 29
509 2381 557 2416 sq.
579 2370 592 2416 η
611 2372 680 2405 687
707 2368 853 2405 incesto
880 2368 1037 2414 Bentley
1056 2369 1070 2413 u
1093 2369 1165 2402 830
1189 2376 1260 2403 nec
1285 2376 1366 2404 mos
1392 2368 1423 2401 Δ
1446 2365 1461 2413 ΙΙ

78 2417 147 2452 641
172 2414 308 2464 spinga
334 2427 372 2453 ω

153 2483 172 2510 S
176 2490 543 2511 εεεεεεεεεεεεεεεεε
1197 2478 1240 2511 16
