1618 2554
165 123 255 168 232
606 125 645 161 L.
666 124 855 163 ANNAEI
881 125 1102 163 SENECAE

164 230 265 269 SEN.
296 220 454 268 Forata
483 223 597 267 ferro
630 239 823 282 gesseras
855 225 1057 282 vestigia,

162 283 334 326 tumore
363 286 518 327 nactus
548 298 707 327 nomen
739 298 788 327 ac
819 284 927 327 vitio
959 284 1131 341 pedum.

165 351 272 386 om).
305 340 411 394 Quis
440 343 574 388 fuerit
605 344 678 387 ille
711 344 785 402 qui
817 359 961 388 meum
992 344 1107 389 dono
1139 344 1257 389 dedit

162 414 320 461 eorpus
350 417 569 507 mqmggis.
601 463 762 522 Regios
793 465 915 520 pavit
945 479 1117 524 greges3
1419 528 1422 530 Ι
1460 478 1533 512 815

162 522 306 567 minor
336 522 416 566 sub
449 523 525 567 illo
557 523 686 567 turba
714 527 937 581 pastorum
968 524 1064 568 fuit.

162 592 271 626 om).
304 578 522 640 Eloquere
552 598 723 627 nomen.

102 685 108 691 ,
654 655 753 688 SEN.
786 643 930 688 Prima
960 645 1203 704 languescit
1235 660 1386 691 senum

161 702 370 747 memoris
399 701 532 762 longo
562 703 677 749 lassa
708 705 941 750 sublabens
974 705 1072 751 situ.

161 771 271 806 0131).
302 761 489 807 Potesne
519 763 629 808 facie
660 779 836 809 noscere
868 778 917 809 ac
949 766 1073 809 vultu
1105 766 1276 811 virum?

160 833 261 866 SRN.
292 820 491 867 Fortasse
522 838 715 868 noscam:
748 840 875 883 saepe
906 825 993 869 iam
1024 827 1166 884 spatio
1199 826 1400 872 obrutam
1461 839 1534 873 820

159 882 267 926 levis
298 882 512 927 exoletam
545 886 797 928 memoriam
830 888 1004 930 revocat
1035 888 1151 931 nota.

160 953 269 986 om).
300 941 371 986 Ad
402 958 523 988 sacra
554 948 597 988 et
627 960 722 989 aras
755 961 882 990 omne
914 947 1189 1003 compulsum
1221 961 1355 1006 pecus

159 1001 290 1047 duces
321 1007 573 1061 sequantur3
605 1005 683 1061 ite,
714 1020 897 1064 propere
928 1007 1151 1065 accersite,

158 1060 329 1119 famuli,
359 1075 491 1120 penes
524 1079 632 1121 quos
664 1081 834 1110 summa
865 1065 1065 1111 consistit
1096 1082 1288 1126 gregum.

159 1132 259 1166 snm.
291 1119 391 1166 Sive
422 1123 506 1168 ista
534 1125 646 1168 ratio
678 1126 769 1170 sive
800 1126 976 1170 fortuna
1008 1128 1186 1183 occulit,
1457 1139 1530 1174 82⁵

156 1182 291 1226 latere
322 1196 492 1240 semper
521 1188 668 1241 patere
700 1186 817 1243 quod
847 1187 978 1231 latuit
1008 1187 1100 1231 diu:

158 1255 286 1299 saepe
316 1244 505 1288 eruentis
536 1246 694 1289 veritas
726 1246 869 1303 patuit
899 1248 1027 1291 malo.

159 1312 267 1349 0131).
297 1300 463 1347 Malum
495 1305 639 1349 timeri
670 1306 809 1350 maius
841 1306 909 1351 his
942 1307 1118 1365 aliquod
1150 1309 1325 1366 potest?

157 1372 258 1406 suu.
288 1361 498 1421 Magnum
531 1380 622 1408 esse
655 1381 813 1425 magna
843 1367 959 1411 mole
992 1367 1109 1424 quod
1140 1368 1305 1427 petitur
1335 1370 1458 1414 scias.

157 1423 376 1467 concurrit
406 1424 528 1469 illinc
558 1425 752 1483 publica,
783 1426 887 1471 hinc
918 1428 1033 1486 regis
1065 1429 1200 1473 salus:
1456 1440 1529 1475 880

154 1481 374 1539 utrimque
405 1485 542 1542 paria3
574 1486 747 1531 contine
778 1488 941 1532 medias
973 1503 1148 1546 manus,

153 1540 267 1586 nihil
296 1542 500 1602 lacessas,
531 1546 626 1603 ipsa
655 1561 701 1591 se
731 1547 823 1592 fata
854 1547 1083 1605 explicent.

155 1612 263 1646 0131).
296 1600 399 1647 Non
430 1606 604 1662 expedit
635 1610 863 1652 concutere
894 1608 1066 1653 felicem
1098 1611 1279 1657 statum:

151 1663 251 1707 tuto
282 1666 483 1708 movetur
514 1667 720 1724 quicquid
752 1670 944 1713 extremo
977 1668 1023 1713 in
1052 1670 1150 1714 loco
1183 1673 1259 1715 est.

154 1732 255 1766 sun.
286 1720 490 1769 Nobilius
522 1726 688 1783 aliquid
718 1742 874 1786 genere
905 1730 1041 1787 regali
1073 1730 1272 1788 appetis?
1455 1741 1527 1776 885

152 1795 209 1826 ne
239 1784 283 1827 te
347 1786 505 1829 arentis
537 1787 685 1845 pigeat
715 1789 881 1833 inventi
912 1789 1021 1833 vide.

154 1851 263 1886 omn.
338 1843 379 1887 el
408 1847 657 1903 paenitendi
689 1849 913 1908 sanguinis
945 1865 1147 1907 quaeram
1180 1850 1330 1908 fidem,

152 1901 190 1946 si
219 1916 348 1947 nosse
379 1908 544 1950 certum
577 1910 652 1951 est.
716 1923 813 1953 ecce
845 1910 1114 1968 grandaevus
1146 1926 1296 1967 senex,

151 1960 331 2007 arbitlda
362 1964 443 2008 sub
475 1980 562 2022 quo
594 1968 703 2025 regii
734 1969 906 2013 fuerant
937 1972 1101 2029 gregiS,

149 2020 359 2068 Phorbas.
419 2025 608 2071 refersne
639 2043 797 2072 nomen
829 2032 904 2074 aut
934 2029 1103 2074 vultum
1137 2031 1283 2075 senis?
1454 2041 1526 2077 840

151 2091 250 2127 stu.
283 2081 466 2129 Adridet·
497 2087 642 2131 animo
673 2088 831 2147 forma3
862 2105 942 2134 nec
972 2093 1102 2135 notus
1135 2092 1258 2148 satis,

150 2156 231 2187 nec
260 2157 408 2189 rursus
440 2145 521 2189 iste
553 2148 699 2194 vultus
731 2149 907 2206 ignotus
938 2150 1057 2195 mihi.

247 2252 314 2286 ⁸12
340 2260 565 2298 cognoscere
589 2257 618 2289 Ε
646 2255 659 2299 11
692 2258 761 2291 828
788 2258 997 2302 sequuntur
1021 2261 1050 2293 Ε
1071 2258 1078 2304 1
1102 2257 1262 2296 acci-site
1286 2261 1315 2294 Ε
1339 2259 1353 2305 11
1377 2261 1449 2295 ⁸28
1474 2258 1525 2295 ti-

150 2306 253 2334 mere
275 2301 305 2334 1
324 2299 337 2344 11
357 2302 428 2335 888
450 2300 619 2384 Eetituro
637 2306 667 2337 Ε
686 2304 698 2347 11
718 2306 783 2338 881
807 2304 933 2350 patria
951 2307 982 2341 A
1000 2306 1013 2351 11
1032 2308 1103 2342 888
1128 2307 1172 2342 ut
1195 2305 1317 2343 nichil
1341 2315 1524 2350 arcessas,

150 2344 236 2392 ipsa
259 2347 299 2383 te
323 2346 349 2382 s.
376 2357 448 2394 exp
469 2347 570 2385 'cant
593 2352 622 2384 A
651 2351 664 2396 11
695 2354 766 2386 883
791 2353 871 2388 seni
894 2353 1136 2392 continuatur
1160 2356 1189 2390 A
1216 2355 1230 2402 11
1261 2357 1333 2392 ⁸³4
1357 2366 1440 2391 exn.
1461 2356 1492 2390 A
1509 2353 1526 2403 11

149 2395 220 2431 887
245 2405 315 2431 nec
340 2405 448 2441 poen.
470 2397 618 2443 Δ11888
646 2399 710 2434 sed
739 2402 768 2434 A
795 2399 847 2436 sie
874 2400 950 2438 Leo
