<?xml version="1.0" encoding="UTF-8"?>
<!DOCTYPE html PUBLIC "-//W3C//DTD XHTML 1.0 Transitional//EN"
    "http://www.w3.org/TR/xhtml1/DTD/xhtml1-transitional.dtd">
<html xmlns="http://www.w3.org/1999/xhtml" xml:lang="en" lang="en">
 <head>
  <title>
</title>
<meta http-equiv="Content-Type" content="text/html;charset=utf-8" />
  <meta name='ocr-system' content='tesseract 3.04.00' />
  <meta name='ocr-capabilities' content='ocr_page ocr_carea ocr_par ocr_line ocrx_word'/>
</head>
<body>
  <div class='ocr_page' id='page_1' title='image "./tragoediaerecens00seneuoft_0031.png"; bbox 0 0 1618 2554; ppageno 0'>
   <div class='ocr_carea' id='block_1_1' title="bbox 676 115 1507 155">
    <p class='ocr_par' dir='ltr' id='par_1_1' title="bbox 676 115 1507 155">
     <span class='ocr_line' id='line_1_1' title="bbox 676 115 1507 155; baseline 0.001 -3"><span class='ocrx_word' id='word_1_1' title='bbox 676 115 956 155; x_wconf 79' lang='lat' dir='ltr'>PRAEFATIO</span> <span class='ocrx_word' id='word_1_2' title='bbox 1384 115 1507 153; x_wconf 86' lang='lat' dir='ltr'>XXIX</span> 
     </span>
    </p>
   </div>
   <div class='ocr_carea' id='block_1_2' title="bbox 123 217 1507 1312">
    <p class='ocr_par' dir='ltr' id='par_1_2' title="bbox 123 217 1507 696">
     <span class='ocr_line' id='line_1_2' title="bbox 217 217 1506 272; baseline -0.001 -12"><span class='ocrx_word' id='word_1_3' title='bbox 217 218 352 268; x_wconf 78' lang='lat' dir='ltr'>Quid?</span> <span class='ocrx_word' id='word_1_4' title='bbox 384 220 493 272; x_wconf 81' lang='lat' dir='ltr'>quod</span> <span class='ocrx_word' id='word_1_5' title='bbox 518 221 642 260; x_wconf 72' lang='lat' dir='ltr'>etiam</span> <span class='ocrx_word' id='word_1_6' title='bbox 667 220 827 259; x_wconf 80' lang='lat' dir='ltr'>saeculo</span> <span class='ocrx_word' id='word_1_7' title='bbox 855 219 1008 260; x_wconf 80' lang='lat' dir='ltr'>decimo</span> <span class='ocrx_word' id='word_1_8' title='bbox 1040 219 1161 259; x_wconf 73' lang='lat' dir='ltr'>tertio</span> <span class='ocrx_word' id='word_1_9' title='bbox 1193 218 1398 259; x_wconf 83' lang='lat' dir='ltr'>Johannes</span> <span class='ocrx_word' id='word_1_10' title='bbox 1422 217 1506 259; x_wconf 83' lang='lat' dir='ltr'>An-</span> 
     </span>
     <span class='ocr_line' id='line_1_3' title="bbox 123 274 1505 335; baseline -0.002 -14"><span class='ocrx_word' id='word_1_11' title='bbox 123 281 255 335; x_wconf 75' lang='lat' dir='ltr'>glicus</span> <span class='ocrx_word' id='word_1_12' title='bbox 286 279 335 320; x_wconf 85' lang='lat' dir='ltr'>de</span> <span class='ocrx_word' id='word_1_13' title='bbox 366 279 590 320; x_wconf 82' lang='lat' dir='ltr'>Garlandia</span> <span class='ocrx_word' id='word_1_14' title='bbox 620 274 802 335; x_wconf 75' lang='lat' dir='ltr'>(Gloetta.</span> <span class='ocrx_word' id='word_1_15' title='bbox 831 279 955 319; x_wconf 81' lang='lat' dir='ltr'>Beitr.</span> <span class='ocrx_word' id='word_1_16' title='bbox 982 293 1014 318; x_wconf 88' lang='lat' dir='ltr'>z.</span> <span class='ocrx_word' id='word_1_17' title='bbox 1034 278 1297 332; x_wconf 71' lang='lat' dir='ltr'>Litteraturg.</span> <span class='ocrx_word' id='word_1_18' title='bbox 1325 279 1362 319; x_wconf 87' lang='lat' dir='ltr'>d.</span> <span class='ocrx_word' id='word_1_19' title='bbox 1382 278 1435 318; x_wconf 81' lang='lat' dir='ltr'>M.</span> <span class='ocrx_word' id='word_1_20' title='bbox 1455 279 1505 319; x_wconf 84' lang='lat' dir='ltr'>A.</span> 
     </span>
     <span class='ocr_line' id='line_1_4' title="bbox 124 334 1507 395; baseline -0.001 -14"><span class='ocrx_word' id='word_1_21' title='bbox 124 354 163 381; x_wconf 89' lang='lat' dir='ltr'>u.</span> <span class='ocrx_word' id='word_1_22' title='bbox 202 340 239 381; x_wconf 83' lang='lat' dir='ltr'>d.</span> <span class='ocrx_word' id='word_1_23' title='bbox 278 340 376 381; x_wconf 84' lang='lat' dir='ltr'>Ben.</span> <span class='ocrx_word' id='word_1_24' title='bbox 414 340 535 381; x_wconf 84' lang='lat' dir='ltr'>Halle</span> <span class='ocrx_word' id='word_1_25' title='bbox 561 354 596 381; x_wconf 85' lang='lat' dir='ltr'>a.</span> <span class='ocrx_word' id='word_1_26' title='bbox 622 339 659 379; x_wconf 86' lang='lat' dir='ltr'>d.</span> <span class='ocrx_word' id='word_1_27' title='bbox 681 335 723 380; x_wconf 90' lang='lat' dir='ltr'>S.</span> <span class='ocrx_word' id='word_1_28' title='bbox 754 340 869 380; x_wconf 86' lang='grc'><strong>1890</strong></span> <span class='ocrx_word' id='word_1_29' title='bbox 902 340 923 379; x_wconf 96' lang='lat' dir='ltr'>I</span> <span class='ocrx_word' id='word_1_30' title='bbox 952 354 991 392; x_wconf 92' lang='lat' dir='ltr'>p.</span> <span class='ocrx_word' id='word_1_31' title='bbox 1022 341 1076 379; x_wconf 86' lang='lat'>15</span> <span class='ocrx_word' id='word_1_32' title='bbox 1109 354 1148 380; x_wconf 87' lang='lat' dir='ltr'>n.</span> <span class='ocrx_word' id='word_1_33' title='bbox 1176 334 1223 395; x_wconf 82' lang='lat'>2)</span> <span class='ocrx_word' id='word_1_34' title='bbox 1264 341 1322 379; x_wconf 81' lang='lat' dir='ltr'>sic</span> <span class='ocrx_word' id='word_1_35' title='bbox 1364 339 1507 379; x_wconf 72' lang='lat' dir='ltr'>refert:</span> 
     </span>
     <span class='ocr_line' id='line_1_5' title="bbox 126 398 1506 454; baseline -0.001 -12"><span class='ocrx_word' id='word_1_36' title='bbox 126 398 270 442; x_wconf 83' lang='lat' dir='ltr'>‘unica</span> <span class='ocrx_word' id='word_1_37' title='bbox 308 414 404 442; x_wconf 80' lang='lat' dir='ltr'>vero</span> <span class='ocrx_word' id='word_1_38' title='bbox 444 401 655 454; x_wconf 75' lang='lat' dir='ltr'>tragoedia</span> <span class='ocrx_word' id='word_1_39' title='bbox 698 402 851 452; x_wconf 78' lang='lat' dir='ltr'>scripta</span> <span class='ocrx_word' id='word_1_40' title='bbox 894 401 974 439; x_wconf 79' lang='lat' dir='ltr'>fuit</span> <span class='ocrx_word' id='word_1_41' title='bbox 1017 400 1220 451; x_wconf 80' lang='lat' dir='ltr'>quondam</span> <span class='ocrx_word' id='word_1_42' title='bbox 1264 400 1316 440; x_wconf 86' lang='lat' dir='ltr'>ab</span> <span class='ocrx_word' id='word_1_43' title='bbox 1360 398 1506 441; x_wconf 77' lang='lat' dir='ltr'>ovidio</span> 
     </span>
     <span class='ocr_line' id='line_1_6' title="bbox 125 457 1505 516; baseline -0.001 -14"><span class='ocrx_word' id='word_1_44' title='bbox 125 461 235 515; x_wconf 85' lang='lat' dir='ltr'>apud</span> <span class='ocrx_word' id='word_1_45' title='bbox 263 461 433 503; x_wconf 66' lang='lat' dir='ltr'>Latinos</span> <span class='ocrx_word' id='word_1_46' title='bbox 459 475 538 514; x_wconf 89' lang='lat' dir='ltr'>que</span> <span class='ocrx_word' id='word_1_47' title='bbox 563 462 722 516; x_wconf 63' lang='lat' dir='ltr'>sepulfia</span> <span class='ocrx_word' id='word_1_48' title='bbox 753 461 827 502; x_wconf 82' lang='lat' dir='ltr'>sub</span> <span class='ocrx_word' id='word_1_49' title='bbox 852 461 1015 501; x_wconf 78' lang='lat' dir='ltr'>silentio</span> <span class='ocrx_word' id='word_1_50' title='bbox 1046 473 1127 502; x_wconf 89' lang='lat' dir='ltr'>non</span> <span class='ocrx_word' id='word_1_51' title='bbox 1153 462 1266 501; x_wconf 78' lang='lat' dir='ltr'>venit</span> <span class='ocrx_word' id='word_1_52' title='bbox 1290 462 1334 500; x_wconf 90' lang='lat' dir='ltr'>in</span> <span class='ocrx_word' id='word_1_53' title='bbox 1359 457 1505 501; x_wconf 88' lang='lat' dir='ltr'>usum.&#39;</span> 
     </span>
     <span class='ocr_line' id='line_1_7' title="bbox 126 520 1507 574; baseline -0.001 -12"><span class='ocrx_word' id='word_1_54' title='bbox 126 520 381 574; x_wconf 72' lang='lat' dir='ltr'><strong>Quamquam</strong></span> <span class='ocrx_word' id='word_1_55' title='bbox 418 523 462 562; x_wconf 91' lang='lat' dir='ltr'>in</span> <span class='ocrx_word' id='word_1_56' title='bbox 495 522 619 562; x_wconf 77' lang='lat' dir='ltr'>Italia</span> <span class='ocrx_word' id='word_1_57' title='bbox 656 523 836 574; x_wconf 72' lang='lat' dir='ltr'>tragicae</span> <span class='ocrx_word' id='word_1_58' title='bbox 873 523 1005 574; x_wconf 83' lang='lat' dir='ltr'>poesis</span> <span class='ocrx_word' id='word_1_59' title='bbox 1035 521 1281 562; x_wconf 85' lang='lat' dir='ltr'>Annaeanae</span> <span class='ocrx_word' id='word_1_60' title='bbox 1312 522 1507 562; x_wconf 87' lang='lat' dir='ltr'>memoria</span> 
     </span>
     <span class='ocr_line' id='line_1_8' title="bbox 125 582 1507 638; baseline -0.001 -15"><span class='ocrx_word' id='word_1_61' title='bbox 125 595 207 623; x_wconf 86' lang='lat' dir='ltr'>non</span> <span class='ocrx_word' id='word_1_62' title='bbox 237 583 369 623; x_wconf 82' lang='lat' dir='ltr'>omnis</span> <span class='ocrx_word' id='word_1_63' title='bbox 402 583 580 638; x_wconf 55' lang='lat' dir='ltr'>evanuit3</span> <span class='ocrx_word' id='word_1_64' title='bbox 640 582 773 624; x_wconf 79' lang='lat' dir='ltr'>Huius</span> <span class='ocrx_word' id='word_1_65' title='bbox 809 582 867 622; x_wconf 90' lang='lat' dir='ltr'>rei</span> <span class='ocrx_word' id='word_1_66' title='bbox 906 582 985 622; x_wconf 84' lang='lat' dir='ltr'>duo</span> <span class='ocrx_word' id='word_1_67' title='bbox 1023 583 1163 622; x_wconf 77' lang='lat' dir='ltr'>extant</span> <span class='ocrx_word' id='word_1_68' title='bbox 1198 582 1450 633; x_wconf 76' lang='lat' dir='ltr'>documenta,</span> <span class='ocrx_word' id='word_1_69' title='bbox 1482 595 1507 622; x_wconf 90' lang='lat' dir='ltr'>a</span> 
     </span>
     <span class='ocr_line' id='line_1_9' title="bbox 124 639 871 696; baseline -0.001 -13"><span class='ocrx_word' id='word_1_70' title='bbox 124 643 293 695; x_wconf 84' lang='lat' dir='ltr'>Peipero</span> <span class='ocrx_word' id='word_1_71' title='bbox 325 643 369 682; x_wconf 89' lang='lat' dir='ltr'>in</span> <span class='ocrx_word' id='word_1_72' title='bbox 399 639 530 684; x_wconf 86' lang='lat' dir='ltr'>lucem</span> <span class='ocrx_word' id='word_1_73' title='bbox 559 643 723 696; x_wconf 75' lang='lat' dir='ltr'>prolata</span> <span class='ocrx_word' id='word_1_74' title='bbox 754 643 871 683; x_wconf 75' lang='lat' dir='ltr'>haec:</span> 
     </span>
    </p>

    <p class='ocr_par' dir='ltr' id='par_1_3' title="bbox 124 715 1507 1312">
     <span class='ocr_line' id='line_1_10' title="bbox 219 715 1506 768; baseline -0.001 -11"><span class='ocrx_word' id='word_1_75' title='bbox 219 717 287 757; x_wconf 87' lang='grc'>16.</span> <span class='ocrx_word' id='word_1_76' title='bbox 319 715 567 768; x_wconf 77' lang='lat' dir='ltr'>Eugenius</span> <span class='ocrx_word' id='word_1_77' title='bbox 604 715 873 768; x_wconf 79' lang='lat' dir='ltr'>vulgarius</span> <span class='ocrx_word' id='word_1_78' title='bbox 911 716 1078 755; x_wconf 86' lang='lat' dir='ltr'>clericus</span> <span class='ocrx_word' id='word_1_79' title='bbox 1117 715 1263 755; x_wconf 78' lang='lat' dir='ltr'>Italiae</span> <span class='ocrx_word' id='word_1_80' title='bbox 1304 716 1506 756; x_wconf 85' lang='lat' dir='ltr'>inferioris</span> 
     </span>
     <span class='ocr_line' id='line_1_11' title="bbox 124 772 1506 829; baseline 0.001 -13"><span class='ocrx_word' id='word_1_81' title='bbox 124 777 170 816; x_wconf 85' lang='lat' dir='ltr'>in</span> <span class='ocrx_word' id='word_1_82' title='bbox 195 776 440 816; x_wconf 85' lang='lat' dir='ltr'>carminibus</span> <span class='ocrx_word' id='word_1_83' title='bbox 459 779 502 816; x_wconf 78' lang='lat' dir='ltr'>et</span> <span class='ocrx_word' id='word_1_84' title='bbox 520 772 702 829; x_wconf 75' lang='lat' dir='ltr'>epistolis</span> <span class='ocrx_word' id='word_1_85' title='bbox 726 776 778 817; x_wconf 88' lang='lat' dir='ltr'>ad</span> <span class='ocrx_word' id='word_1_86' title='bbox 796 775 983 829; x_wconf 84' lang='lat' dir='ltr'>Sergium</span> <span class='ocrx_word' id='word_1_87' title='bbox 1006 789 1158 828; x_wconf 87' lang='lat' dir='ltr'>papam</span> <span class='ocrx_word' id='word_1_88' title='bbox 1175 776 1338 828; x_wconf 71' lang='lat' dir='ltr'>scriptis</span> <span class='ocrx_word' id='word_1_89' title='bbox 1357 776 1506 817; x_wconf 69' lang='lat' dir='ltr'>multos</span> 
     </span>
     <span class='ocr_line' id='line_1_12' title="bbox 125 836 1507 890; baseline 0.001 -14"><span class='ocrx_word' id='word_1_90' title='bbox 125 837 236 878; x_wconf 78' lang='lat' dir='ltr'>locos</span> <span class='ocrx_word' id='word_1_91' title='bbox 267 850 315 876; x_wconf 88' lang='lat' dir='ltr'>ex</span> <span class='ocrx_word' id='word_1_92' title='bbox 348 836 521 877; x_wconf 86' lang='lat' dir='ltr'>Senecae</span> <span class='ocrx_word' id='word_1_93' title='bbox 551 837 772 890; x_wconf 73' lang='lat' dir='ltr'>tragoediis</span> <span class='ocrx_word' id='word_1_94' title='bbox 798 837 1030 888; x_wconf 77' lang='lat' dir='ltr'>desumptos</span> <span class='ocrx_word' id='word_1_95' title='bbox 1061 837 1106 876; x_wconf 83' lang='lat' dir='ltr'>in</span> <span class='ocrx_word' id='word_1_96' title='bbox 1130 849 1248 876; x_wconf 88' lang='lat' dir='ltr'>suum</span> <span class='ocrx_word' id='word_1_97' title='bbox 1271 850 1389 878; x_wconf 84' lang='lat' dir='ltr'>usum</span> <span class='ocrx_word' id='word_1_98' title='bbox 1414 850 1507 878; x_wconf 84' lang='lat' dir='ltr'>con-</span> 
     </span>
     <span class='ocr_line' id='line_1_13' title="bbox 126 894 1505 950; baseline -0.001 -13"><span class='ocrx_word' id='word_1_99' title='bbox 126 898 263 937; x_wconf 75' lang='lat' dir='ltr'>vertit.</span> <span class='ocrx_word' id='word_1_100' title='bbox 326 896 489 950; x_wconf 70' lang='lat' dir='ltr'>Scripta</span> <span class='ocrx_word' id='word_1_101' title='bbox 524 894 713 950; x_wconf 78' lang='lat' dir='ltr'>Vulgarii</span> <span class='ocrx_word' id='word_1_102' title='bbox 750 911 772 936; x_wconf 89' lang='lat' dir='ltr'>e</span> <span class='ocrx_word' id='word_1_103' title='bbox 810 897 944 937; x_wconf 84' lang='lat' dir='ltr'>codice</span> <span class='ocrx_word' id='word_1_104' title='bbox 975 896 1264 950; x_wconf 84' lang='lat' dir='ltr'>Bambergensi</span> <span class='ocrx_word' id='word_1_105' title='bbox 1301 897 1429 937; x_wconf 79' lang='lat' dir='ltr'>edidit</span> <span class='ocrx_word' id='word_1_106' title='bbox 1459 898 1505 938; x_wconf 79' lang='lat' dir='ltr'>E.</span> 
     </span>
     <span class='ocr_line' id='line_1_14' title="bbox 126 957 1507 1009; baseline 0.001 -12"><span class='ocrx_word' id='word_1_107' title='bbox 126 957 337 998; x_wconf 74' lang='lat' dir='ltr'>Dfimmlet</span> <span class='ocrx_word' id='word_1_108' title='bbox 385 959 428 997; x_wconf 90' lang='lat' dir='ltr'>in</span> <span class='ocrx_word' id='word_1_109' title='bbox 477 958 582 998; x_wconf 90' lang='lat' dir='ltr'>libro</span> <span class='ocrx_word' id='word_1_110' title='bbox 626 958 696 1009; x_wconf 89' lang='lat' dir='ltr'>qui</span> <span class='ocrx_word' id='word_1_111' title='bbox 743 958 995 998; x_wconf 75' lang='lat' dir='ltr'><strong>inscribitur:</strong></span> <span class='ocrx_word' id='word_1_112' title='bbox 1044 958 1235 998; x_wconf 80' lang='lat' dir='ltr'>Auxilius</span> <span class='ocrx_word' id='word_1_113' title='bbox 1280 958 1363 998; x_wconf 82' lang='lat' dir='ltr'>und</span> <span class='ocrx_word' id='word_1_114' title='bbox 1408 958 1507 998; x_wconf 82' lang='lat' dir='ltr'>Vul-</span> 
     </span>
     <span class='ocr_line' id='line_1_15' title="bbox 126 1017 1506 1070; baseline 0.001 -12"><span class='ocrx_word' id='word_1_115' title='bbox 126 1019 275 1070; x_wconf 85' lang='lat' dir='ltr'>garius.</span> <span class='ocrx_word' id='word_1_116' title='bbox 357 1017 525 1065; x_wconf 85' lang='lat' dir='ltr'>Quellen</span> <span class='ocrx_word' id='word_1_117' title='bbox 568 1017 651 1058; x_wconf 87' lang='lat' dir='ltr'>und</span> <span class='ocrx_word' id='word_1_118' title='bbox 698 1018 982 1070; x_wconf 87' lang='lat' dir='ltr'>Forschungen</span> <span class='ocrx_word' id='word_1_119' title='bbox 1036 1032 1105 1058; x_wconf 82' lang='lat' dir='ltr'>zur</span> <span class='ocrx_word' id='word_1_120' title='bbox 1155 1018 1390 1059; x_wconf 71' lang='lat' dir='ltr'>Geschichte</span> <span class='ocrx_word' id='word_1_121' title='bbox 1437 1018 1506 1059; x_wconf 87' lang='lat' dir='ltr'>des</span> 
     </span>
     <span class='ocr_line' id='line_1_16' title="bbox 126 1078 1506 1132; baseline 0.001 -14"><span class='ocrx_word' id='word_1_122' title='bbox 126 1078 363 1130; x_wconf 74' lang='lat' dir='ltr'>Papsttums</span> <span class='ocrx_word' id='word_1_123' title='bbox 388 1080 447 1118; x_wconf 79' lang='lat' dir='ltr'>im</span> <span class='ocrx_word' id='word_1_124' title='bbox 471 1078 637 1130; x_wconf 82' lang='lat' dir='ltr'>Anfang</span> <span class='ocrx_word' id='word_1_125' title='bbox 662 1078 730 1118; x_wconf 85' lang='lat' dir='ltr'>des</span> <span class='ocrx_word' id='word_1_126' title='bbox 760 1079 827 1118; x_wconf 88' lang='lat'>10.</span> <span class='ocrx_word' id='word_1_127' title='bbox 847 1078 1157 1129; x_wconf 58' lang='lat' dir='ltr'>Jfflarhnnderts,</span> <span class='ocrx_word' id='word_1_128' title='bbox 1180 1078 1349 1132; x_wconf 86' lang='lat' dir='ltr'><strong>Leipzig</strong></span> <span class='ocrx_word' id='word_1_129' title='bbox 1377 1080 1506 1119; x_wconf 83' lang='lat'><strong>1866.</strong></span> 
     </span>
     <span class='ocr_line' id='line_1_17' title="bbox 127 1139 1505 1192; baseline 0.001 -14"><span class='ocrx_word' id='word_1_130' title='bbox 127 1139 374 1192; x_wconf 75' lang='lat' dir='ltr'><strong>Tragoedias</strong></span> <span class='ocrx_word' id='word_1_131' title='bbox 412 1140 602 1180; x_wconf 86' lang='lat' dir='ltr'>clericum</span> <span class='ocrx_word' id='word_1_132' title='bbox 639 1139 836 1190; x_wconf 81' lang='lat' dir='ltr'><strong>expilasse</strong></span> <span class='ocrx_word' id='word_1_133' title='bbox 874 1142 916 1179; x_wconf 75' lang='lat' dir='ltr'>et</span> <span class='ocrx_word' id='word_1_134' title='bbox 946 1140 1167 1191; x_wconf 83' lang='lat' dir='ltr'>exemplari</span> <span class='ocrx_word' id='word_1_135' title='bbox 1197 1141 1439 1180; x_wconf 71' lang='lat' dir='ltr'><strong>recensionis</strong></span> <span class='ocrx_word' id='word_1_136' title='bbox 1471 1141 1505 1180; x_wconf 79' lang='lat' dir='ltr'><strong>E</strong></span> 
     </span>
     <span class='ocr_line' id='line_1_18' title="bbox 126 1198 1504 1252; baseline 0.001 -13"><span class='ocrx_word' id='word_1_137' title='bbox 126 1212 246 1239; x_wconf 81' lang='lat' dir='ltr'>usum</span> <span class='ocrx_word' id='word_1_138' title='bbox 283 1211 366 1239; x_wconf 85' lang='lat' dir='ltr'>esse</span> <span class='ocrx_word' id='word_1_139' title='bbox 404 1199 542 1240; x_wconf 76' lang='lat' dir='ltr'>docuit</span> <span class='ocrx_word' id='word_1_140' title='bbox 578 1199 726 1251; x_wconf 86' lang='lat' dir='ltr'>Peiper</span> <span class='ocrx_word' id='word_1_141' title='bbox 759 1199 821 1239; x_wconf 91' lang='lat' dir='ltr'>De</span> <span class='ocrx_word' id='word_1_142' title='bbox 860 1198 949 1239; x_wconf 85' lang='lat' dir='ltr'>Seu.</span> <span class='ocrx_word' id='word_1_143' title='bbox 985 1202 1087 1252; x_wconf 74' lang='lat' dir='ltr'>trag.</span> <span class='ocrx_word' id='word_1_144' title='bbox 1120 1200 1148 1239; x_wconf 91' lang='lat'>1.</span> <span class='ocrx_word' id='word_1_145' title='bbox 1179 1214 1216 1239; x_wconf 78' lang='lat' dir='ltr'>v.</span> <span class='ocrx_word' id='word_1_146' title='bbox 1248 1215 1286 1252; x_wconf 93' lang='lat' dir='ltr'>p.</span> <span class='ocrx_word' id='word_1_147' title='bbox 1316 1201 1504 1240; x_wconf 83' lang='lat'>14—16.</span> 
     </span>
     <span class='ocr_line' id='line_1_19' title="bbox 128 1257 957 1312; baseline 0.001 -14"><span class='ocrx_word' id='word_1_148' title='bbox 128 1257 188 1299; x_wconf 80' lang='lat' dir='ltr'>cf.</span> <span class='ocrx_word' id='word_1_149' title='bbox 220 1259 387 1300; x_wconf 75' lang='lat' dir='ltr'>Richter</span> <span class='ocrx_word' id='word_1_150' title='bbox 415 1259 520 1300; x_wconf 79' lang='lat' dir='ltr'>Krit.</span> <span class='ocrx_word' id='word_1_151' title='bbox 553 1259 787 1300; x_wconf 73' lang='lat' dir='ltr'>U&#39;ntersuoh.</span> <span class='ocrx_word' id='word_1_152' title='bbox 820 1274 859 1312; x_wconf 86' lang='lat' dir='ltr'>p.</span> <span class='ocrx_word' id='word_1_153' title='bbox 888 1261 912 1299; x_wconf 83' lang='lat'><strong>6</strong></span> <span class='ocrx_word' id='word_1_154' title='bbox 928 1273 957 1300; x_wconf 92' lang='lat' dir='ltr'>s.</span> 
     </span>
    </p>
   </div>
   <div class='ocr_carea' id='block_1_3' title="bbox 127 1331 1507 1628">
    <p class='ocr_par' dir='ltr' id='par_1_4' title="bbox 127 1331 1507 1628">
     <span class='ocr_line' id='line_1_20' title="bbox 222 1331 1506 1386; baseline 0.002 -14"><span class='ocrx_word' id='word_1_155' title='bbox 222 1333 290 1372; x_wconf 78' lang='lat'>17.</span> <span class='ocrx_word' id='word_1_156' title='bbox 321 1331 412 1373; x_wconf 87' lang='lat' dir='ltr'>Uno</span> <span class='ocrx_word' id='word_1_157' title='bbox 438 1332 597 1372; x_wconf 79' lang='lat' dir='ltr'>saeculo</span> <span class='ocrx_word' id='word_1_158' title='bbox 622 1334 716 1384; x_wconf 75' lang='lat' dir='ltr'>post</span> <span class='ocrx_word' id='word_1_159' title='bbox 740 1333 918 1372; x_wconf 82' lang='lat' dir='ltr'>codicem</span> <span class='ocrx_word' id='word_1_160' title='bbox 945 1332 1119 1373; x_wconf 76' lang='lat' dir='ltr'>Senecae</span> <span class='ocrx_word' id='word_1_161' title='bbox 1143 1334 1373 1386; x_wconf 66' lang='lat' dir='ltr'>tragoedias</span> <span class='ocrx_word' id='word_1_162' title='bbox 1400 1346 1506 1374; x_wconf 85' lang='lat' dir='ltr'>com-</span> 
     </span>
     <span class='ocr_line' id='line_1_21' title="bbox 127 1392 1507 1446; baseline 0.001 -14"><span class='ocrx_word' id='word_1_163' title='bbox 127 1392 371 1444; x_wconf 70' lang='lat' dir='ltr'>plectentem</span> <span class='ocrx_word' id='word_1_164' title='bbox 391 1394 435 1432; x_wconf 92' lang='lat' dir='ltr'>in</span> <span class='ocrx_word' id='word_1_165' title='bbox 459 1394 759 1433; x_wconf 79' lang='lat' dir='ltr'>monasterio</span> <span class='ocrx_word' id='word_1_166' title='bbox 778 1392 1101 1445; x_wconf 84' lang='lat' dir='ltr'>Pomposiano</span> <span class='ocrx_word' id='word_1_167' title='bbox 1126 1407 1252 1446; x_wconf 89' lang='lat' dir='ltr'>prope</span> <span class='ocrx_word' id='word_1_168' title='bbox 1270 1394 1507 1434; x_wconf 82' lang='lat' dir='ltr'>Ravennam</span> 
     </span>
     <span class='ocr_line' id='line_1_22' title="bbox 128 1452 1506 1507; baseline 0.001 -14"><span class='ocrx_word' id='word_1_169' title='bbox 128 1452 207 1493; x_wconf 76' lang='lat' dir='ltr'>sito</span> <span class='ocrx_word' id='word_1_170' title='bbox 239 1454 420 1494; x_wconf 70' lang='lat' dir='ltr'>exfitisse</span> <span class='ocrx_word' id='word_1_171' title='bbox 450 1453 648 1494; x_wconf 86' lang='lat' dir='ltr'>Henricus</span> <span class='ocrx_word' id='word_1_172' title='bbox 685 1454 853 1493; x_wconf 86' lang='lat' dir='ltr'>clericus</span> <span class='ocrx_word' id='word_1_173' title='bbox 890 1456 934 1494; x_wconf 88' lang='lat' dir='ltr'>in</span> <span class='ocrx_word' id='word_1_174' title='bbox 968 1455 1154 1507; x_wconf 74' lang='lat' dir='ltr'>catalogo</span> <span class='ocrx_word' id='word_1_175' title='bbox 1191 1455 1386 1494; x_wconf 78' lang='lat' dir='ltr'>librorum</span> <span class='ocrx_word' id='word_1_176' title='bbox 1421 1455 1506 1494; x_wconf 80' lang='lat' dir='ltr'>eius</span> 
     </span>
     <span class='ocr_line' id='line_1_23' title="bbox 127 1514 1506 1566; baseline 0.002 -14"><span class='ocrx_word' id='word_1_177' title='bbox 127 1514 365 1554; x_wconf 76' lang='lat' dir='ltr'>monasterii</span> <span class='ocrx_word' id='word_1_178' title='bbox 395 1526 430 1553; x_wconf 83' lang='lat' dir='ltr'>a.</span> <span class='ocrx_word' id='word_1_179' title='bbox 460 1514 576 1555; x_wconf 85' lang='lat'>1093</span> <span class='ocrx_word' id='word_1_180' title='bbox 609 1515 760 1565; x_wconf 77' lang='lat' dir='ltr'>scripto</span> <span class='ocrx_word' id='word_1_181' title='bbox 796 1516 891 1565; x_wconf 78' lang='lat' dir='ltr'>post</span> <span class='ocrx_word' id='word_1_182' title='bbox 928 1515 1120 1566; x_wconf 73' lang='lat' dir='ltr'>epistolas</span> <span class='ocrx_word' id='word_1_183' title='bbox 1152 1515 1326 1555; x_wconf 78' lang='lat' dir='ltr'>Senecae</span> <span class='ocrx_word' id='word_1_184' title='bbox 1362 1514 1506 1555; x_wconf 87' lang='lat' dir='ltr'>libros-</span> 
     </span>
     <span class='ocr_line' id='line_1_24' title="bbox 130 1571 1507 1628; baseline 0.001 -15"><span class='ocrx_word' id='word_1_185' title='bbox 130 1571 213 1625; x_wconf 86' lang='lat' dir='ltr'>que</span> <span class='ocrx_word' id='word_1_186' title='bbox 238 1573 287 1614; x_wconf 84' lang='lat' dir='ltr'>de</span> <span class='ocrx_word' id='word_1_187' title='bbox 318 1573 520 1614; x_wconf 81' lang='lat' dir='ltr'>beneficiis</span> <span class='ocrx_word' id='word_1_188' title='bbox 552 1574 733 1626; x_wconf 84' lang='lat' dir='ltr'>aliosque</span> <span class='ocrx_word' id='word_1_189' title='bbox 763 1578 943 1615; x_wconf 76' lang='lat' dir='ltr'>recenset</span> <span class='ocrx_word' id='word_1_190' title='bbox 974 1571 1174 1615; x_wconf 75' lang='lat' dir='ltr'>‘eiusdem</span> <span class='ocrx_word' id='word_1_191' title='bbox 1204 1575 1507 1628; x_wconf 74' lang='lat' dir='ltr'>tragoediarum</span> 
     </span>
    </p>
   </div>
   <div class='ocr_carea' id='block_1_4' title="bbox 127 1630 1507 1750">
    <p class='ocr_par' dir='ltr' id='par_1_5' title="bbox 127 1630 1507 1750">
     <span class='ocr_line' id='line_1_25' title="bbox 127 1630 1507 1750; baseline 0.001 -77"><span class='ocrx_word' id='word_1_192' title='bbox 127 1630 362 1735; x_wconf 39' lang='lat' dir='ltr'>lvii-luguen}</span> <span class='ocrx_word' id='word_1_193' title='bbox 388 1633 449 1750; x_wconf 41' lang='lat' dir='ltr'>Oti}</span> <span class='ocrx_word' id='word_1_194' title='bbox 475 1634 619 1686; x_wconf 88' lang='lat' dir='ltr'>Peiper</span> <span class='ocrx_word' id='word_1_195' title='bbox 645 1634 785 1687; x_wconf 86' lang='lat' dir='ltr'>Suppl.</span> <span class='ocrx_word' id='word_1_196' title='bbox 812 1649 851 1687; x_wconf 85' lang='lat' dir='ltr'>p.</span> <span class='ocrx_word' id='word_1_197' title='bbox 873 1636 939 1683; x_wconf 87' lang='grc'>36,</span> <span class='ocrx_word' id='word_1_198' title='bbox 968 1636 1161 1676; x_wconf 71' lang='lat' dir='ltr'>Manitius</span> <span class='ocrx_word' id='word_1_199' title='bbox 1186 1650 1226 1687; x_wconf 88' lang='lat' dir='ltr'>p.</span> <span class='ocrx_word' id='word_1_200' title='bbox 1246 1637 1316 1686; x_wconf 87' lang='lat'>48,</span> <span class='ocrx_word' id='word_1_201' title='bbox 1341 1636 1507 1676; x_wconf 72' lang='lat' dir='ltr'>Richter</span> 
     </span>
     <span class='ocr_line' id='line_1_26' title="bbox 243 1707 405 1747; baseline 0 -13"><span class='ocrx_word' id='word_1_202' title='bbox 243 1725 253 1734; x_wconf 94' lang='lat'><strong>.</strong></span> <span class='ocrx_word' id='word_1_203' title='bbox 277 1708 316 1747; x_wconf 88' lang='lat' dir='ltr'>p.</span> <span class='ocrx_word' id='word_1_204' title='bbox 375 1707 405 1735; x_wconf 90' lang='lat' dir='ltr'>s.</span> 
     </span>
    </p>
   </div>
   <div class='ocr_carea' id='block_1_5' title="bbox 130 1765 1506 1940">
    <p class='ocr_par' dir='ltr' id='par_1_6' title="bbox 130 1765 1506 1940">
     <span class='ocr_line' id='line_1_27' title="bbox 224 1765 1506 1819; baseline 0.002 -13"><span class='ocrx_word' id='word_1_205' title='bbox 224 1767 290 1807; x_wconf 88' lang='lat'>18.</span> <span class='ocrx_word' id='word_1_206' title='bbox 330 1765 484 1808; x_wconf 75' lang='lat' dir='ltr'>Guido</span> <span class='ocrx_word' id='word_1_207' title='bbox 522 1768 576 1808; x_wconf 85' lang='lat' dir='ltr'>de</span> <span class='ocrx_word' id='word_1_208' title='bbox 614 1767 850 1808; x_wconf 81' lang='lat' dir='ltr'>Bazochis</span> <span class='ocrx_word' id='word_1_209' title='bbox 889 1771 1009 1808; x_wconf 76' lang='lat' dir='ltr'>natus</span> <span class='ocrx_word' id='word_1_210' title='bbox 1047 1771 1141 1808; x_wconf 78' lang='lat' dir='ltr'>ante</span> <span class='ocrx_word' id='word_1_211' title='bbox 1173 1781 1208 1808; x_wconf 89' lang='lat' dir='ltr'>a.</span> <span class='ocrx_word' id='word_1_212' title='bbox 1245 1770 1373 1819; x_wconf 86' lang='grc'><strong>1146,</strong></span> <span class='ocrx_word' id='word_1_213' title='bbox 1411 1770 1506 1809; x_wconf 69' lang='lat' dir='ltr'>ante</span> 
     </span>
     <span class='ocr_line' id='line_1_28' title="bbox 130 1825 1505 1880; baseline 0.001 -13"><span class='ocrx_word' id='word_1_214' title='bbox 130 1839 166 1867; x_wconf 86' lang='lat' dir='ltr'>a.</span> <span class='ocrx_word' id='word_1_215' title='bbox 189 1828 303 1868; x_wconf 78' lang='lat'>1203</span> <span class='ocrx_word' id='word_1_216' title='bbox 330 1829 525 1877; x_wconf 64' lang='lat' dir='ltr'>mortuus,</span> <span class='ocrx_word' id='word_1_217' title='bbox 552 1829 596 1867; x_wconf 87' lang='lat' dir='ltr'>in</span> <span class='ocrx_word' id='word_1_218' title='bbox 620 1828 840 1880; x_wconf 82' lang='lat' dir='ltr'>Apologia:</span> <span class='ocrx_word' id='word_1_219' title='bbox 875 1825 963 1868; x_wconf 74' lang='lat' dir='ltr'>‘nec</span> <span class='ocrx_word' id='word_1_220' title='bbox 988 1831 1035 1869; x_wconf 78' lang='lat' dir='ltr'>ut</span> <span class='ocrx_word' id='word_1_221' title='bbox 1067 1830 1127 1868; x_wconf 74' lang='lat' dir='ltr'>ait</span> <span class='ocrx_word' id='word_1_222' title='bbox 1150 1830 1194 1868; x_wconf 83' lang='lat' dir='ltr'>in</span> <span class='ocrx_word' id='word_1_223' title='bbox 1224 1829 1397 1869; x_wconf 81' lang='lat' dir='ltr'>Hercule</span> <span class='ocrx_word' id='word_1_224' title='bbox 1422 1831 1505 1869; x_wconf 76' lang='lat' dir='ltr'>tra-</span> 
     </span>
     <span class='ocr_line' id='line_1_29' title="bbox 130 1886 421 1940; baseline 0.003 -13"><span class='ocrx_word' id='word_1_225' title='bbox 130 1887 220 1940; x_wconf 85' lang='lat' dir='ltr'>gico</span> <span class='ocrx_word' id='word_1_226' title='bbox 252 1886 421 1928; x_wconf 80' lang='lat' dir='ltr'>Seneca:</span> 
     </span>
    </p>
   </div>
   <div class='ocr_carea' id='block_1_6' title="bbox 130 1993 418 2000">
    <p class='ocr_par' dir='ltr' id='par_1_7' title="bbox 130 1993 418 2000">
     <span class='ocr_line' id='line_1_30' title="bbox 130 1993 418 2000; baseline 0 554"><span class='ocrx_word' id='word_1_227' title='bbox 130 1993 418 2000; x_wconf 95' lang='lat' dir='ltr'> </span> 
     </span>
    </p>
   </div>
   <div class='ocr_carea' id='block_1_7' title="bbox 132 2061 1506 2449">
    <p class='ocr_par' dir='ltr' id='par_1_8' title="bbox 132 2061 1506 2449">
     <span class='ocr_line' id='line_1_31' title="bbox 228 2061 1506 2111; baseline 0.002 -13"><span class='ocrx_word' id='word_1_228' title='bbox 228 2062 261 2110; x_wconf 71' lang='lat'>⁸)</span> <span class='ocrx_word' id='word_1_229' title='bbox 284 2061 430 2099; x_wconf 77' lang='lat' dir='ltr'>Eodem</span> <span class='ocrx_word' id='word_1_230' title='bbox 454 2062 533 2100; x_wconf 88' lang='lat' dir='ltr'>fere</span> <span class='ocrx_word' id='word_1_231' title='bbox 558 2065 729 2111; x_wconf 72' lang='lat' dir='ltr'>tempore</span> <span class='ocrx_word' id='word_1_232' title='bbox 755 2064 914 2101; x_wconf 73' lang='lat' dir='ltr'>clericus</span> <span class='ocrx_word' id='word_1_233' title='bbox 939 2063 1098 2110; x_wconf 87' lang='lat' dir='ltr'>quidam</span> <span class='ocrx_word' id='word_1_234' title='bbox 1122 2064 1171 2101; x_wconf 87' lang='lat' dir='ltr'>de</span> <span class='ocrx_word' id='word_1_235' title='bbox 1196 2064 1399 2102; x_wconf 77' lang='lat' dir='ltr'>Leodiensi</span> <span class='ocrx_word' id='word_1_236' title='bbox 1429 2065 1506 2100; x_wconf 84' lang='lat' dir='ltr'>dis-</span> 
     </span>
     <span class='ocr_line' id='line_1_32' title="bbox 132 2109 1505 2159; baseline 0.002 -13"><span class='ocrx_word' id='word_1_237' title='bbox 132 2109 278 2157; x_wconf 77' lang='lat' dir='ltr'>ciplina</span> <span class='ocrx_word' id='word_1_238' title='bbox 299 2110 493 2158; x_wconf 70' lang='lat' dir='ltr'>profecim</span> <span class='ocrx_word' id='word_1_239' title='bbox 519 2122 672 2149; x_wconf 86' lang='lat' dir='ltr'>carmen</span> <span class='ocrx_word' id='word_1_240' title='bbox 696 2112 913 2159; x_wconf 71' lang='lat' dir='ltr'>composuit</span> <span class='ocrx_word' id='word_1_241' title='bbox 930 2113 979 2149; x_wconf 85' lang='lat' dir='ltr'>de</span> <span class='ocrx_word' id='word_1_242' title='bbox 1003 2113 1252 2150; x_wconf 74' lang='lat' dir='ltr'>investiturae</span> <span class='ocrx_word' id='word_1_243' title='bbox 1281 2113 1350 2150; x_wconf 78' lang='lat' dir='ltr'>lite</span> <span class='ocrx_word' id='word_1_244' title='bbox 1372 2112 1505 2150; x_wconf 82' lang='lat' dir='ltr'>Leodii</span> 
     </span>
     <span class='ocr_line' id='line_1_33' title="bbox 132 2158 1505 2208; baseline 0.002 -14"><span class='ocrx_word' id='word_1_245' title='bbox 132 2159 216 2194; x_wconf 69' lang='lat' dir='ltr'>tum</span> <span class='ocrx_word' id='word_1_246' title='bbox 246 2161 395 2203; x_wconf 75' lang='lat' dir='ltr'>exorta,</span> <span class='ocrx_word' id='word_1_247' title='bbox 429 2158 586 2206; x_wconf 86' lang='lat' dir='ltr'>plenum</span> <span class='ocrx_word' id='word_1_248' title='bbox 621 2160 715 2197; x_wconf 75' lang='lat' dir='ltr'>artis</span> <span class='ocrx_word' id='word_1_249' title='bbox 747 2163 786 2198; x_wconf 77' lang='lat' dir='ltr'>et</span> <span class='ocrx_word' id='word_1_250' title='bbox 820 2160 1047 2207; x_wconf 82' lang='lat' dir='ltr'>disciplinae</span> <span class='ocrx_word' id='word_1_251' title='bbox 1081 2160 1343 2208; x_wconf 64' lang='lat' dir='ltr'>antiquitatis,</span> <span class='ocrx_word' id='word_1_252' title='bbox 1373 2162 1505 2198; x_wconf 76' lang='lat' dir='ltr'>metris</span> 
     </span>
     <span class='ocr_line' id='line_1_34' title="bbox 132 2206 1505 2253; baseline 0.003 -11"><span class='ocrx_word' id='word_1_253' title='bbox 132 2206 341 2243; x_wconf 70' lang='lat' dir='ltr'>secundum</span> <span class='ocrx_word' id='word_1_254' title='bbox 383 2207 508 2244; x_wconf 73' lang='lat' dir='ltr'>Boeffi</span> <span class='ocrx_word' id='word_1_255' title='bbox 550 2220 722 2246; x_wconf 80' lang='lat' dir='ltr'>normam</span> <span class='ocrx_word' id='word_1_256' title='bbox 764 2208 1023 2253; x_wconf 62' lang='lat' dir='ltr'>conformassis,</span> <span class='ocrx_word' id='word_1_257' title='bbox 1062 2209 1208 2246; x_wconf 76' lang='lat' dir='ltr'>editum</span> <span class='ocrx_word' id='word_1_258' title='bbox 1246 2220 1292 2246; x_wconf 86' lang='lat' dir='ltr'>ex</span> <span class='ocrx_word' id='word_1_259' title='bbox 1330 2208 1505 2246; x_wconf 79' lang='lat' dir='ltr'>Camera-</span> 
     </span>
     <span class='ocr_line' id='line_1_35' title="bbox 134 2255 1505 2304; baseline 0.002 -13"><span class='ocrx_word' id='word_1_260' title='bbox 134 2255 238 2291; x_wconf 75' lang='lat' dir='ltr'>censi</span> <span class='ocrx_word' id='word_1_261' title='bbox 268 2255 436 2302; x_wconf 86' lang='lat' dir='ltr'>quodam</span> <span class='ocrx_word' id='word_1_262' title='bbox 463 2255 563 2292; x_wconf 86' lang='lat' dir='ltr'>libro</span> <span class='ocrx_word' id='word_1_263' title='bbox 591 2267 615 2293; x_wconf 80' lang='lat' dir='ltr'>a</span> <span class='ocrx_word' id='word_1_264' title='bbox 641 2257 699 2295; x_wconf 79' lang='lat' dir='ltr'>M.</span> <span class='ocrx_word' id='word_1_265' title='bbox 725 2258 912 2294; x_wconf 79' lang='lat' dir='ltr'>Hawre&#39;au</span> <span class='ocrx_word' id='word_1_266' title='bbox 944 2257 1114 2304; x_wconf 74' lang='lat' dir='ltr'>(Notices</span> <span class='ocrx_word' id='word_1_267' title='bbox 1146 2259 1184 2295; x_wconf 72' lang='lat' dir='ltr'>et</span> <span class='ocrx_word' id='word_1_268' title='bbox 1214 2257 1385 2294; x_wconf 76' lang='lat' dir='ltr'>Extraits</span> <span class='ocrx_word' id='word_1_269' title='bbox 1410 2261 1468 2302; x_wconf 81' lang='lat'>81,</span> <span class='ocrx_word' id='word_1_270' title='bbox 1482 2262 1505 2294; x_wconf 78' lang='lat'>2</span> 
     </span>
     <span class='ocr_line' id='line_1_36' title="bbox 134 2301 1506 2353; baseline 0.003 -14"><span class='ocrx_word' id='word_1_271' title='bbox 134 2301 264 2352; x_wconf 79' lang='lat'>[1886]</span> <span class='ocrx_word' id='word_1_272' title='bbox 287 2315 324 2350; x_wconf 87' lang='lat' dir='ltr'>p.</span> <span class='ocrx_word' id='word_1_273' title='bbox 340 2307 409 2341; x_wconf 77' lang='lat'>1⁷2</span> <span class='ocrx_word' id='word_1_274' title='bbox 419 2307 517 2352; x_wconf 77' lang='lat' dir='ltr'>sqq.)</span> <span class='ocrx_word' id='word_1_275' title='bbox 550 2305 594 2341; x_wconf 86' lang='lat' dir='ltr'>In</span> <span class='ocrx_word' id='word_1_276' title='bbox 619 2315 664 2342; x_wconf 89' lang='lat' dir='ltr'>eo</span> <span class='ocrx_word' id='word_1_277' title='bbox 690 2306 857 2342; x_wconf 82' lang='lat' dir='ltr'>carmine</span> <span class='ocrx_word' id='word_1_278' title='bbox 882 2305 1044 2353; x_wconf 77' lang='lat' dir='ltr'>vestigia</span> <span class='ocrx_word' id='word_1_279' title='bbox 1069 2306 1259 2351; x_wconf 84' lang='lat' dir='ltr'>quaedam</span> <span class='ocrx_word' id='word_1_280' title='bbox 1292 2307 1331 2342; x_wconf 76' lang='lat' dir='ltr'>et</span> <span class='ocrx_word' id='word_1_281' title='bbox 1361 2305 1506 2343; x_wconf 74' lang='lat' dir='ltr'>indicia.</span> 
     </span>
     <span class='ocr_line' id='line_1_37' title="bbox 133 2349 1506 2402; baseline 0.003 -15"><span class='ocrx_word' id='word_1_282' title='bbox 133 2360 180 2387; x_wconf 88' lang='lat' dir='ltr'>eo</span> <span class='ocrx_word' id='word_1_283' title='bbox 199 2349 347 2397; x_wconf 76' lang='lat' dir='ltr'>ducere,</span> <span class='ocrx_word' id='word_1_284' title='bbox 358 2354 404 2389; x_wconf 76' lang='lat' dir='ltr'>ut</span> <span class='ocrx_word' id='word_1_285' title='bbox 423 2351 588 2390; x_wconf 81' lang='lat' dir='ltr'>Senecae</span> <span class='ocrx_word' id='word_1_286' title='bbox 606 2354 825 2400; x_wconf 77' lang='lat' dir='ltr'>tragoedias</span> <span class='ocrx_word' id='word_1_287' title='bbox 839 2354 985 2391; x_wconf 59' lang='lat' dir='ltr'>ancheri</span> <span class='ocrx_word' id='word_1_288' title='bbox 1002 2354 1175 2401; x_wconf 76' lang='lat' dir='ltr'>cognitas</span> <span class='ocrx_word' id='word_1_289' title='bbox 1194 2353 1312 2391; x_wconf 77' lang='lat' dir='ltr'>fuisse</span> <span class='ocrx_word' id='word_1_290' title='bbox 1325 2354 1506 2402; x_wconf 80' lang='lat' dir='ltr'>colligere</span> 
     </span>
     <span class='ocr_line' id='line_1_38' title="bbox 134 2398 863 2449; baseline 0.005 -14"><span class='ocrx_word' id='word_1_291' title='bbox 134 2398 268 2446; x_wconf 75' lang='lat' dir='ltr'>possis,</span> <span class='ocrx_word' id='word_1_292' title='bbox 293 2399 549 2438; x_wconf 74' lang='lat' dir='ltr'>demonstravi</span> <span class='ocrx_word' id='word_1_293' title='bbox 573 2400 617 2438; x_wconf 87' lang='grc' dir='ltr'>Κ.</span> <span class='ocrx_word' id='word_1_294' title='bbox 632 2401 676 2438; x_wconf 82' lang='lat' dir='ltr'>U.</span> <span class='ocrx_word' id='word_1_295' title='bbox 691 2414 727 2449; x_wconf 90' lang='lat' dir='ltr'>p.</span> <span class='ocrx_word' id='word_1_296' title='bbox 742 2405 814 2438; x_wconf 91' lang='lat' dir='ltr'>8n.</span> <span class='ocrx_word' id='word_1_297' title='bbox 830 2406 863 2439; x_wconf 89' lang='lat'>1.</span> 
     </span>
    </p>
   </div>
  </div>
 </body>
</html>
