1618 2554
78 121 80 123 ’
149 134 239 179 250
584 132 623 168 L.
644 130 836 167 ANNAEI
861 129 1083 167 SENECAE

149 249 240 278 non
269 232 425 276 melior
454 230 568 274 Aiax
598 233 739 274 morte
769 230 941 274 decreta
970 229 1137 284 furens,
1451 239 1524 272 210

149 309 240 338 non
271 294 364 338 sola
394 292 556 336 Danais
587 290 753 335 Hector
783 292 827 334 et
855 289 972 346 bello
1003 303 1144 345 mora,

149 369 240 398 non
269 354 357 397 tela
385 352 553 396 Paridis
585 354 718 407 certa,
748 365 838 394 non
868 350 1076 394 Memnon
1105 350 1242 408 niger,

149 429 240 458 non
269 413 470 457 Xanthus
501 414 632 457 armis
663 426 846 468 corpora
877 411 1077 454 immixta
1106 424 1318 468 aggerens

149 475 395 532 fluctusque
427 473 586 518 Simois
618 473 745 516 caede
777 486 1018 529 purpureos
1050 485 1203 528 agens,

149 550 242 580 non
270 536 397 579 nivea
427 535 571 592 proles
603 533 774 590 Cycnus
805 533 1009 588 aequorei
1041 531 1127 587 dei,
1453 542 1524 575 215

103 624 109 630 —
150 611 242 640 non
270 596 478 639 bellicoso
511 594 696 638 Thressa
726 595 837 636 cum*
857 591 1004 637 Rheso
1036 591 1248 649 phalanx,

151 671 242 700 non
270 657 389 713 picta
419 655 643 713 pharetras
675 657 719 698 et
749 654 993 711 securigera
1025 668 1157 697 manu

151 718 316 775 peltata
347 715 571 760 Amazon?
600 714 719 758 huno
750 714 868 758 domi
897 714 1100 758 reducem
1132 728 1259 771 paras

150 780 340 821 mactare
372 780 415 820 et
444 791 540 820 aras
571 776 699 820 caede
731 776 947 819 maculare
978 775 1143 832 impia?

150 838 309 882 victrix
339 838 527 882 inultum
560 835 740 880 Graecia
770 836 856 880 hoc
885 835 1054 880 facinus
1085 835 1224 880 feret?
1454 844 1526 878 220

153 913 287 955 equos
319 902 362 943 et
391 913 511 942 arma
543 897 838 953 classibusque
869 896 1051 940 horrens
1081 895 1242 939 fretum

150 974 346 1017 propone
377 961 421 1003 et
451 960 540 1002 alto
572 958 782 1016 sanguine
814 957 1035 1000 exundans
1067 957 1209 1000 solum

149 1022 197 1064 et
225 1023 320 1064 tota
351 1022 501 1076 captae
531 1019 622 1063 fata
652 1018 895 1062 Dardaniae
927 1018 1081 1061 domus

151 1083 322 1139 regesta
351 1079 526 1124 Danais.
587 1079 826 1136 comprime
857 1078 1038 1123 affectus
1069 1081 1213 1121 truces

151 1144 427 1197 mentemque
458 1140 631 1184 tibimet
661 1141 756 1198 ipsa
787 1139 968 1196 pacifica
998 1142 1131 1182 tuam.
1456 1147 1527 1180 225

290 1296 622 1342 AEGISTHVS
674 1295 1104 1341 OLYTEMESTRA
1153 1295 1196 1340 N
1200 1293 1385 1340 VTRIX

243 1382 368 1434 Quod
398 1386 571 1440 tempus
602 1384 747 1427 animo
780 1397 951 1439 semper
981 1395 1032 1425 ac
1062 1384 1207 1425 mente
1238 1380 1390 1424 horrui

153 1445 276 1488 adest
306 1445 521 1501 profecto,
550 1444 680 1487 rebus
712 1445 954 1487 extremum
986 1443 1106 1485 meis.

152 1506 259 1562 quid
289 1507 412 1562 terga
441 1505 573 1549 vertis
580 1538 592 1560 ‚
623 1505 795 1548 anime?
827 1504 932 1560 quid
963 1503 1106 1560 primo
1138 1503 1307 1560 impetu

153 1566 334 1623 deponis
366 1567 512 1608 arma?
544 1565 668 1608 crede
698 1564 934 1622 perniciem
964 1564 1048 1607 tibi

152 1629 198 1670 et
228 1627 321 1670 dira
351 1640 501 1669 saevos
531 1626 622 1669 fata
653 1626 798 1669 moliri
829 1626 949 1669 deos:
1458 1632 1530 1666 230

154 1702 328 1744 oppone
360 1686 526 1730 cunctis
558 1687 643 1729 vile
674 1686 901 1743 suppliciis
934 1687 1083 1742 caput,

153 1748 403 1804 ferrumque
434 1749 478 1790 et
507 1747 630 1804 ignes
661 1749 837 1803 pectore
868 1747 1047 1789 adverso
1080 1746 1244 1802 excipe,

153 1806 383 1866 Aegisthe:
413 1822 503 1851 non
534 1810 600 1850 est
630 1822 771 1864 poena
802 1808 865 1850 sic
895 1809 999 1850 nato
1031 1806 1157 1849 mori.

153 1871 203 1912 tu
234 1883 315 1912 nos
346 1868 498 1924 pericli
529 1868 664 1923 socia,
695 1870 763 1924 tu,
793 1867 910 1911 Leda
942 1869 1053 1922 sata,

154 1930 363 1973 comitare
393 1931 582 1971 tantum:
614 1930 869 1986 sanguinem
900 1928 1050 1972 reddet
1081 1927 1162 1971 tibi
1459 1934 1530 1967 235

154 1990 338 2049 ignavus
370 1989 451 2032 iste
482 1990 636 2032 ductor
666 2004 716 2033 ac
745 1989 873 2032 fortis
904 1991 1038 2045 pater.

147 2051 231 2095 *sed
262 2050 367 2106 quid
396 2052 631 2094 trementes
663 2050 817 2093 circuit
847 2050 990 2107 pallor
1021 2063 1153 2106 genas

154 2112 386 2167 iacensque
416 2111 542 2154 vultu
571 2110 779 2168 languido
812 2112 993 2167 optutus
1024 2109 1200 2165 stupet?

252 2232 318 2266 218
344 2229 502 2265 santhus
527 2232 555 2264 Ε
578 2229 583 2275 1
605 2229 782 2266 immixta
805 2233 835 2264 E
849 2232 880 2264 A
916 2228 1100 2264 immixtis
1126 2235 1163 2271 ψ
1187 2230 1191 2274 1
1214 2236 1348 2274 gerens
1375 2236 1412 2262 ω
1438 2236 1531 2262 corr.

157 2279 310 2317 Gronov
332 2279 346 2325 11
369 2281 443 2314 220
466 2277 584 2313 ultrix
609 2280 640 2312 A
666 2279 679 2324 11
709 2281 782 2314 222
812 2287 980 2324 prepone
1005 2279 1036 2311 A
1066 2278 1079 2323 11
1108 2279 1180 2312 225
1212 2287 1346 2312 uvnux
1370 2285 1438 2312 om.
1466 2276 1496 2308 A
1519 2274 1532 2319 11

155 2331 229 2364 226
254 2339 337 2363 mo.
358 2325 482 2374 praef.
507 2329 537 2361 Ε
555 2327 568 2372 11
587 2329 659 2362 229
683 2325 855 2373 permitti
880 2325 954 2361 tibi
980 2328 1008 2360 E
1034 2326 1046 2371 11
1070 2327 1143 2360 230
1167 2324 1211 2361 de
1236 2322 1533 2370 interpumctione

156 2376 204 2422 cf.
226 2376 284 2413 M.
299 2375 442 2412 Μᾱῑιεν
461 2374 530 2411 Ph,
549 2376 628 2410 268
654 2375 668 2421 ιι
694 2377 765 2410 283
787 2373 854 2410 Cli.
876 2378 909 2411 et
926 2377 999 2410 234
1018 2373 1101 2420 Egi.
1117 2372 1239 2420 praef.
1261 2374 1292 2407 A
1310 2373 1323 2419 n
1342 2374 1414 2408 284
1431 2370 1533 2418 peri-

157 2424 228 2462 clis
254 2424 334 2462 otia
358 2425 514 2472 2112867
533 2421 644 2459 fortis
667 2422 813 2469 pariter
838 2426 867 2458 Ε
