1618 2554
616 134 925 181 PHDENISSAE
1375 135 1458 178 101

84 239 129 281 et
158 235 305 294 ingeni
340 234 529 279 sollertis
560 234 770 279 eximium
802 234 933 277 decus

88 298 274 355 periere,
304 299 462 341 cuneta
492 310 586 340 sors
617 295 729 340 mihi
760 295 920 340 infesta
951 294 1151 338 abstulit:

86 358 291 402 lacrimae
323 358 596 415 supererant:
626 356 706 400 has
738 371 912 414 quoque
944 356 1087 413 eripui
1117 355 1239 400 mihi.
1395 366 1468 399 240

85 418 258 463 absiste.
319 417 465 463 nullas
496 418 668 462 animus
699 417 896 461 admittit
926 430 1075 474 preces

86 494 333 535 novamque
362 493 549 536 poenam
582 477 818 522 sceleribus
849 477 1022 535 quaerit
1050 491 1214 534 parem.

86 543 131 584 et
161 555 255 584 esse
285 555 365 598 par
396 554 506 597 quae
539 539 731 597 poterit?
762 539 934 582 infanti.
952 553 1127 595 quoque

86 601 260 646 decreta
290 616 409 645 mors
441 604 519 645 est.
550 626 610 631 —
641 600 734 643 fata
765 600 863 657 quis
894 602 986 643 tam
1017 599 1166 643 tristia

86 662 268 706 sortitus
299 661 539 719 umquam?
570 660 764 705 videram
795 661 990 705 nondum
1022 660 1137 704 diem
1400 670 1470 702 ‘245

85 724 286 781 uterique
315 722 512 767 nondum
543 721 758 766 solveram
790 722 928 765 clausi
958 735 1123 778 moras,

87 787 131 828 et
162 785 249 827 iam
280 783 476 827 timebar.
539 783 740 840 protinus
773 782 987 839 quosdam
1019 782 1160 826 editos

87 859 175 888 nox
208 844 437 903 occupavit
469 846 512 887 et
542 858 683 887 novae
713 843 802 887 luci
834 842 1035 886 abstulit:

88 921 207 949 mors
238 920 308 949 me
340 905 594 962 anteoessit3
626 904 787 961 aliquis
819 906 935 948 intra
967 905 1133 947 viscera

88 970 287 1011 materna
318 965 456 1010 letum
487 966 745 1024 praecoquis
776 965 858 1009 fati
889 964 1010 1008 tulit:
1400 974 1471 1007 250

4 1028 7 1035 ⁴
89 1027 166 1071 sed
195 1027 411 1083 numquid
442 1029 487 1071 et
517 1026 746 1084 peccavit?
778 1026 1048 1082 abstrusum,
1080 1025 1278 1068 abditum

89 1088 358 1146 dubiumque
390 1103 444 1131 an
478 1102 616 1132 essem
650 1086 823 1130 sceleris
857 1086 1024 1130 infandi
1057 1101 1178 1129 reum

90 1148 197 1193 deus
229 1148 339 1207 egit3
371 1148 448 1192 illo
480 1150 594 1192 teste
626 1147 850 1192 damnavit
881 1163 1040 1204 parens

90 1209 320 1266 calidoque
350 1212 524 1253 teneros
555 1209 745 1252 transuit
775 1209 892 1252 ferro
923 1208 1056 1265 pedes

90 1273 133 1315 et
164 1271 211 1316 in
244 1269 334 1313 alta
363 1284 544 1314 nemora
573 1270 785 1327 pabulum
816 1269 939 1313 misit
969 1268 1074 1312 feris
1400 1280 1471 1311 255

90 1330 330 1388 avibusque
362 1330 502 1375 saevis
535 1346 643 1388 quas
677 1330 914 1374 Cithaeron
945 1331 1103 1373 noxius

91 1407 246 1436 cruore
278 1406 406 1448 saepe
436 1391 559 1450 regio
590 1393 751 1436 tinetas
783 1392 874 1435 alit.

91 1453 167 1496 sed
200 1467 330 1509 quem
361 1452 467 1497 deus
500 1452 741 1508 damnavit,
773 1452 935 1496 abiecit
965 1454 1101 1509 pater,

90 1529 209 1557 mors
241 1528 415 1570 quoque
445 1513 620 1571 refugit.
682 1514 882 1571 praestiti
914 1510 1100 1569 Delphis
1133 1511 1281 1555 fidem:

91 1574 334 1633 genitorem
365 1574 546 1618 adortus
578 1574 714 1633 impia
745 1575 882 1618 stravi
913 1588 1028 1617 neee.
1400 1584 1471 1616 260

91 1635 178 1679 hoe
208 1636 295 1678 alia
325 1635 465 1692 pietas
495 1633 699 1679 redimet:
732 1634 870 1679 occidi
900 1637 1088 1691 patrem,

92 1695 167 1740 sed
198 1698 383 1740 matrem
414 1695 570 1739 amavi.
631 1695 835 1753 proloqui
866 1695 1154 1752 hymenaeum
1187 1694 1321 1751 pudet

90 1756 327 1814 taedasque
357 1759 544 1800 nostras,
605 1756 685 1800 has
718 1771 892 1813 quoque
925 1756 1112 1799 invitum
1144 1755 1236 1812 pati

91 1820 137 1861 te
168 1831 277 1875 coge
308 1831 487 1874 poenas:
519 1817 689 1862 facinus
722 1819 924 1875 ignotum
956 1817 1134 1859 efferum

92 1878 351 1922 inusitatum
384 1877 514 1922 effare
545 1877 663 1935 quod
694 1877 848 1935 populi
879 1877 1103 1932 horreant,
1403 1887 1472 1919 265

94 1937 212 1996 quod
242 1953 336 1981 esse
366 1939 531 1982 factum
562 1938 685 1981 nulla
717 1953 806 1982 non
837 1941 956 1981 aetas
987 1940 1136 1996 neget,

93 1999 213 2056 quod
243 1998 504 2056 parricidam
536 1999 714 2068 pudeat:
747 2001 792 2042 in
823 1999 990 2056 patrios
1021 2001 1142 2042 toros

94 2059 178 2103 tuli
208 2061 392 2117 patemo
425 2060 636 2118 sanguine
668 2074 863 2116 aspersas
895 2074 1049 2103 manus

94 2119 356 2177 scelerisque
387 2121 577 2178 pretium
608 2122 749 2164 maius
783 2122 931 2177 accepi
963 2121 1112 2163 scelus

93 2181 189 2225 leve
220 2184 287 2224 est
317 2184 547 2238 paternum
579 2181 767 2225 facinus·
783 2182 846 2225 in
877 2180 1095 2225 thalamos
1127 2195 1247 2223 meos
1402 2191 1473 2223 270

191 2291 264 2324 240
289 2287 431 2335 eripuit
454 2292 484 2324 Ε
512 2290 525 2334 ΙΙ
553 2291 626 2324 242
651 2291 801 2336 patrem
826 2293 855 2324 Ε
881 2290 894 2335 Β
918 2292 988 2324 248
1015 2288 1091 2324 luci
1079 2300 1111 2324 rs
1137 2290 1290 2335 311252
1314 2297 1400 2322 reue
1426 2287 1474 2322 E¹

94 2347 188 2374 corr.
218 2335 269 2372 1³²
309 2338 322 2382 Ιῖ
365 2339 438 2372 264
465 2336 666 2374 transtulit
697 2340 727 2372 Δ
769 2339 782 2384 ΙΙ
824 2339 897 2373 2⁵6
929 2348 993 2372 am
980 2335 1054 2372 iids
1086 2339 1116 2372 A
1138 2337 1144 2383 Ι
1167 2335 1376 2382 eyntheron
1408 2339 1437 2370 E
1464 2336 1475 2380 Η

94 2388 172 2469 8571
191 2386 336 2469 traActas
355 2384 426 2422 alit
445 2389 475 2421 Δ
494 2387 506 2431 ss
526 2389 592 2421 261
619 2385 750 2430 aliqua
768 2386 968 2422 ‘isceusius
987 2388 999 2431 ΙΙ
1019 2389 1089 2421 265
1117 2385 1176 2420 far
1177 2395 1197 2419 e
1217 2388 1246 2420 B
1265 2386 1278 2430 ΙΙ
1296 2387 1368 2420 270
1395 2386 1473 2429 pat.

94 2444 156 2469 sce
172 2445 217 2469 us
