1618 2554
161 127 219 170 66
596 125 636 161 L.
658 122 850 160 ANNAEI
875 121 1096 163 SENECAE

155 237 300 269 ANDR.
333 224 481 283 Stygis
507 223 749 281 profundae
776 223 966 265 claustra
990 224 1034 265 et
1060 221 1235 265 obscuri
1261 236 1418 278 specus
1464 233 1538 268 430

155 287 362 330 laxantur
394 289 456 341 et,
486 300 541 328 ne
573 284 685 327 desit
716 283 875 326 eversis
907 285 1065 338 metus,

155 347 305 390 hostes
338 346 392 389 ab
425 345 512 388 imo
546 345 710 388 conditi
740 343 844 386 Dite
876 345 1036 386 exeunt
1066 368 1124 373 ——

158 406 318 450 solisne
348 409 464 449 retro
497 406 694 462 pervium
727 407 793 447 est
824 402 988 446 Danais
1020 403 1130 446 iter?

156 470 271 511 certe
303 482 440 523 aequa
470 481 587 509 mors
618 469 685 508 est
710 490 769 496 —
793 464 942 514 turbat
972 466 1104 521 atque
1137 464 1277 523 agitat
1303 463 1503 523 Phrygas

157 528 400 571 communis
432 527 513 570 iste
544 529 705 582 terror,
734 525 807 579 hic
837 525 1012 581 proprie
1043 539 1190 568 meum
1463 534 1536 569 485

157 591 343 632 exterret
374 588 586 641 animum,
616 586 758 629 noctis
790 585 1029 628 horrendae
1061 599 1203 641 sopor.

158 659 257 692 SEN.
289 647 407 699 Quae
438 648 532 691 visa
561 647 740 703 portas?
772 645 876 689 effer
906 646 953 688 in
984 646 1182 689 'medium
1209 648 1363 690 metus.

103 713 109 718 ’
158 721 300 751 ANDR.
332 707 482 751 Partes
513 708 602 751 fere
633 722 722 750 nox
753 707 868 749 alma
898 706 1131 749 transierat
1161 706 1268 750 duas

159 770 410 825 clarumque
442 771 607 825 septem
638 769 856 811 verterant
888 765 1038 810 stellae
1072 767 1244 825 iugum3

161 830 312 887 ignota
341 830 516 872 tandem
548 829 667 872 venit
698 827 887 872 afflictae
919 828 1042 884 quies
1463 839 1537 873 440

163 890 391 946 brevisque
420 889 547 932 fessis
580 903 758 932 somnus
791 888 985 945 obrepsit
1016 888 1159 946 genis,

159 951 197 993 si
228 964 406 994 somnus
437 950 511 993 il-le
543 952 609 993 est
640 950 798 992 mentis
830 949 1042 996 attonitae
1074 951 1243 1006 stupor:

157 1025 257 1054 cum
290 1010 434 1054 subito
465 1013 638 1059 nostros
670 1009 834 1053 Hector
865 1011 966 1053 ante
998 1009 1149 1053 oculos
1181 1010 1323 1067 stetit,

158 1086 247 1117 non
278 1071 419 1127 qualis
451 1071 565 1116 ultro
597 1071 713 1114 bella
744 1071 791 1113 in
820 1068 1011 1128 Argivos
1042 1070 1185 1113 ferens

161 1130 309 1175 Graias
341 1131 716 1188 petebattfacibus
747 1129 894 1174 Idaeis
917 1131 1052 1188 rates,
1337 1146 1362 1162 v·
1462 1141 1543 1176 446

158 1206 237 1235 nec
269 1192 396 1235 caede
427 1192 566 1235 multa
597 1191 739 1248 qualis
771 1192 818 1234 in
848 1191 1024 1235 Danaos
1054 1191 1203 1235 furens

158 1267 259 1295 vera
290 1267 342 1295 ex
373 1251 546 1297 Achille
578 1253 719 1308 spolia
751 1251 956 1295 simulato
988 1253 1110 1308 tulit,

159 1327 249 1355 non
280 1313 354 1355 ille
385 1313 531 1356 vultus
562 1312 813 1356 flammeum
847 1312 1076 1356 intendens
1107 1311 1246 1369 iubar,

159 1373 232 1416 sed
264 1374 403 1416 fessus
434 1387 484 1415 ac
515 1373 706 1416 deiectus
737 1376 781 1416 et
811 1373 919 1416 fletu
950 1373 1095 1432 gravis

160 1434 401 1489 similisque
430 1436 617 1489 maesto,
649 1434 847 1489 squalida
878 1434 1078 1477 obtectus
1110 1448 1247 1477 coma.
1463 1445 1536 1478 450

163 1495 283 1536 iuva-t
313 1496 460 1536 tamen
493 1494 666 1551 vidisse3
696 1497 793 1537 tum
825 1508 1035 1551 quassans
1067 1497 1217 1551 caput:

161 1554 357 1609 ‘dispelle
390 1554 581 1597 somnos'
614 1555 758 1611 inquit
788 1555 848 1598 eet
879 1557 1032 1598 natum
1064 1555 1201 1611 eripe,

161 1629 186 1656 0
219 1614 305 1656 fida
336 1615 542 1657 coniunx:
577 1616 728 1671 lateat,
758 1615 866 1658 haec
896 1630 984 1658 una
1015 1618 1081 1658 est
1112 1616 1243 1659 salus.

162 1674 313 1718 omitte
344 1675 471 1717 fletus
502 1701 561 1705 -—
593 1675 724 1718 Troia
755 1676 872 1732 quod
903 1676 1059 1719 cecidit
1090 1676 1260 1734 gemis?

160 1734 328 1777 utinam
360 1736 517 1778 iaceret
547 1738 651 1778 tota.
713 1736 891 1792 festina,
923 1751 1075 1781 amove
1229 1750 1231 1754 ’
1465 1747 1538 1782 455

162 1809 435 1850 quocumque
466 1798 638 1839 nostrae
670 1797 895 1852 parvulam
927 1797 1107 1853 stirpem
1141 1797 1325 1840 domus?

161 1854 271 1897 mihi
303 1856 470 1912 gelidus
502 1856 656 1899 horror
686 1872 736 1899 ac
767 1859 931 1904 tremor
962 1872 1164 1901 somnum
1197 1857 1385 1914 expulit,

163 1915 398 1971 oculosque
429 1930 545 1958 nunc
575 1915 662 1959 huc
692 1917 869 1973 pavida,
899 1931 1015 1960 nunc
1040 1918 1153 1962 illuc
1184 1918 1327 1962 ferens

164 1975 303 2017 oblita
334 1976 426 2018 nati
457 1977 614 2019 mise-ra
675 1978 840 2020 uaesivi
870 1976 1123 2022 Hectorem:

162 2035 297 2078 fallax
328 2050 405 2091 per
436 2037 555 2092 ipsos
586 1992 742 2080 unilbra
773 2039 1026 2094 complexus
1058 2039 1161 2088 abit.
1393 2098 1396 2102 ¹
1464 2050 1539 2084 460

258 2168 468 2201 430-484·
489 2167 572 2202 seni
594 2168 789 2204 continuat
813 2169 931 2205 Bothe
961 2170 973 2216 ΙΙ
1008 2173 1080 2207 480
1108 2168 1233 2216 Stygii
1264 2168 1444 2216 profundi
1469 2172 1501 2206 Δ
1523 2169 1539 2219 Η

161 2216 235 2250 482
259 2213 407 2249 tumulo
431 2216 570 2250 exeunt-
587 2218 619 2250 A
637 2217 650 2260 ΙΙ
669 2218 739 2252 436
760 2222 845 2263 post
869 2217 1037 2253 animum
1065 2218 1179 2255 lenem
1205 2218 1538 2264 interpunctionem

161 2273 236 2298 esse
249 2262 462 2308 ponendam
483 2263 540 2298 M.
556 2264 698 2304 M‘cofiller
712 2276 750 2310 p.
771 2267 875 2311 17sq.
897 2266 1161 2302 demonstravit
1176 2267 1191 2312 ΙΙ
1208 2269 1278 2302 437
1299 2266 1456 2313 portant
1473 2269 1507 2304 Δ,

162 2313 233 2346 438
259 2321 334 2346 11οΧ
358 2310 435 2346 iam
461 2311 506 2346 tr.
531 2314 560 2345 Ε
579 2313 591 2357 n
609 2315 682 2347 446
708 2313 824 2351 caede
847 2315 958 2350 vasta.
981 2317 1013 2350 A
1034 2316 1040 2360 Ι
1062 2313 1205 2353 Danais
1225 2317 1255 2349 Δ
1280 2313 1447 2362 (Danaos
1465 2315 1506 2361 τ)

162 2361 245 2394 449.
272 2361 344 2393 450
370 2369 436 2394 om.
464 2362 494 2394 Ε
530 2360 543 2405 ss
579 2363 651 2395 450
675 2361 804 2397 nostro
835 2374 890 2406 ω,
923 2373 1014 2399 corr.
1043 2363 1177 2408 Peiper
1201 2363 1281 2399 coll.
1311 2362 1413 2410 Very.
1442 2364 1535 2400 Aona

163 2406 426 2454 1127'011452
451 2406 601 2453 depelle
626 2409 774 2454 Δ11467
802 2410 947 2446 excutit
973 2413 1002 2445 A
