1618 2554
659 114 889 152 TROADES
1411 113 1471 158 65

234 220 411 274 tempus
440 231 522 259 nos
554 215 732 259 avidum
763 215 944 258 devorat
975 217 1020 258 et
1050 213 1472 259 chaos-100

237 293 357 322 mors
387 276 613 320 individua
644 278 731 332 est,
759 276 895 319 noxia
926 276 1100 332 corpori

236 354 319 383 nee
349 353 534 395 parcens
565 338 755 380 animae:
787 335 984 380 Taenara
1015 339 1059 380 et
1090 351 1245 393 aspero

237 414 425 458 regnum
457 398 538 441 sub
572 398 750 441 domino
782 397 921 440 limen
951 400 996 440 et
1026 397 1233 441 obsidens

240 462 389 505 eustos
420 475 510 502 non
539 459 664 502 facili
694 458 909 502 Cerberus
942 458 1056 502 ostio

237 535 436 565 rumores
468 521 595 564 vacui
626 519 847 575 verbaque
879 519 1028 562 inania
1402 529 1476 562 405

239 585 286 626 et
314 597 396 639 par
426 581 618 624 sollicito
650 580 802 624 fabula
832 580 1018 623 somnio.

241 642 415 700 quaeris
447 657 536 699 quo
567 643 710 684 iaceas
742 645 866 732 pos—t
876 641 1047 684 obitum
1079 641 1210 697 loeo?

242 717 330 760 quo
361 718 452 747 non
483 705 588 746 nata
619 703 773 746 iacent.

249 836 336 881 AN
341 834 691 880 DROMAOHA
742 834 944 879 SENEX
994 834 1323 879 ASTYANAX

183 921 318 979 Quid,
348 924 516 965 maesta
546 921 766 980 Phrygiae
797 921 944 978 turba,
975 921 1178 965 laceratis
1211 936 1360 965 eomas

93 985 391 1039 miserumque
421 986 576 1026 tunsae
608 986 762 1038 pectus
795 981 933 1025 effuso
966 997 1100 1040 genas
1407 993 1480 1025 2410

92 1046 201 1089 fietu
231 1043 419 1102 rigatis?
451 1043 566 1087 levia
596 1058 828 1100 perpessae
861 1058 1032 1100 sumus,

92 1107 133 1151 si
162 1105 308 1149 flenda
337 1105 540 1161 patimur.
603 1102 735 1147 Ilium
767 1103 893 1146 vobis
926 1103 1079 1160 modo,

93 1166 207 1210 mihi
237 1165 398 1210 cecidit
429 1166 556 1220 olim,
588 1180 688 1208 eum
720 1165 839 1208 ferus
871 1180 1002 1208 eurru
1034 1165 1171 1208 incito

95 1242 193 1272 mea
223 1227 420 1270 membra
450 1229 623 1282 raperet
654 1228 698 1268 et
729 1226 853 1283 gravi
885 1228 1080 1283 gemeret
1110 1240 1220 1269 sono

93 1288 297 1333 Peliacus
327 1288 423 1330 axis
455 1286 646 1343 pondere
677 1285 899 1330 Hectoreo
930 1289 1134 1329 tremens.
1418 1297 1483 1329 ⁴215

94 1352 205 1394 tuno
235 1335 393 1392 obruta
424 1350 555 1404 atque
588 1362 737 1390 eversa
769 1346 1078 1404 quodcumque
1110 1346 1273 1392 accidit

93 1413 277 1466 torpens
307 1408 436 1452 malis
466 1409 702 1476 rigensque
734 1408 828 1451 sine
860 1423 991 1451 sensu
1021 1407 1128 1451 fero.

97 1472 187 1514 iam
217 1472 368 1527 erepta
396 1468 562 1512 Danais
595 1470 829 1527 coniugem
855 1484 1059 1526 sequerer
1089 1483 1255 1525 meum,

96 1531 186 1575 nisi
215 1530 290 1574 hio
319 1532 505 1573 teneret.
536 1530 611 1574 hie
641 1544 763 1573 meos
795 1531 966 1573 animos
999 1530 1151 1573 domat

96 1592 298 1648 morique
330 1590 552 1648 prohibet3
585 1592 707 1649 cogit
737 1591 811 1634 hie
843 1590 1011 1646 aliquid
1043 1590 1147 1634 deos
1412 1602 1483 1633 420

97 1652 243 1696 adhue
271 1667 428 1710 rogare
462 1677 517 1682 —
551 1653 724 1708 tempus
758 1666 991 1694 aerumnae
1023 1651 1200 1694 addidit.

97 1713 174 1759 hic
203 1712 315 1756 mihi
325 1690 563 1756 ‘'maloi-um
593 1713 836 1755 maximum
866 1712 1063 1756 fructum
1094 1712 1297 1768 abstulit,

99 1773 214 1818 nihil
244 1773 417 1816 timere:
449 1773 671 1830 prosperis
701 1773 833 1816 rebus
864 1773 989 1816 loeus

101 1837 277 1892 ereptus
310 1834 474 1889 omnis,
505 1834 600 1876 dira
632 1849 718 1890 qua
749 1834 928 1877 veniant
958 1833 1136 1877 habent.

101 1895 396 1938 miserrimum
428 1897 495 1938 est
525 1895 696 1950 timere,
730 1910 830 1938 oum
864 1909 1010 1952 speres
1042 1894 1167 1938 nihil.
1415 1904 1486 1937 425

100 1967 203 1999 Sim.
235 1954 342 2006 Quis
372 1957 417 1997 te
447 1970 604 2012 repens
637 1929 877 1999 eo⁷mmovit
909 1955 1121 1999 afflictam
1152 1955 1327 1999 metus?

101 2028 245 2060 ANDR.
277 2015 488 2059 Exoritur
519 2015 699 2072 aliquod
730 2016 873 2059 maius
905 2031 958 2059 ex
990 2031 1152 2075 magno
1185 2017 1363 2060 malum.

102 2077 299 2120 nondum
329 2077 497 2120 ruentis
527 2076 601 2120 Ilii
630 2076 771 2120 fatum
804 2077 940 2120 stetit.

104 2148 205 2181 SEX.
237 2137 299 2180 Et
329 2152 438 2194 quas
469 2138 672 2194 reperiet,
703 2141 754 2180 ut
786 2138 912 2193 velit,
945 2137 1088 2180 clades
1121 2137 1259 2180 deus?

201 2222 275 2255 408
298 2221 475 2256 tenareta
498 2231 607 2267 spero
636 2222 697 2266 ΕΙΙ
723 2224 806 2256 407.
832 2224 904 2256 408
933 2225 1019 2266 post
1048 2233 1081 2257 v.
1115 2223 1186 2256 899
1217 2220 1304 2256 ΔΕ2
1335 2220 1382 2266 cf.
1410 2221 1489 2257 Leo

104 2268 134 2303 Ι
152 2269 226 2303 139
252 2279 291 2304 n.
319 2271 354 2313 7,
390 2269 527 2313 Smith,
558 2270 603 2305 de
634 2274 714 2305 arte
743 2270 875 2306 rhetor.
911 2271 951 2305 in
982 2269 1139 2305 Semeae
1170 2274 1265 2316 bray
1290 2271 1491 2315 perspicua

106 2316 264 2362 Izipmae
288 2319 391 2352 1883
409 2328 450 2364 p.
470 2321 516 2353 11
543 2329 581 2354 n.
608 2319 754 2363 111409
778 2319 889 2354 inser.
917 2329 985 2353 om.
1012 2320 1044 2352 A
1068 2317 1180 2364 (And.
1209 2317 1244 2353 S.
1268 2317 1400 2352 Vlixes
1425 2320 1491 2364 ψ),

105 2377 173 2449 21⁸⁷
186 2364 311 2449 ἓξὲξ·
323 2373 392 2460 ff'„
402 2366 508 2449 ’ἒξ
514 2376 671 2459 affl?
690 2370 751 2449 ἓ
763 2369 926 2460 Μέθῃ
923 2376 1073 2461 ῗέἓιῗέε
1083 2365 1454 2460 Ἥῖἒεῖωὲὲῖἑιὲ
1463 2366 1493 2451 2³

181 2480 330 2507 Snncu
348 2487 435 2507 nuo
439 2486 570 2508 omn
1249 2479 1270 2510 5
