1618 2554
127 119 214 155 XIV
227 158 230 161 Α
675 116 953 153 PRAEFATIO

129 221 396 265 Trevethiano
433 220 537 259 nihil
579 221 738 260 constat
774 220 841 258 vel
879 221 1000 259 ceteri
1035 221 1175 259 contra
1205 233 1226 258 τ
1257 220 1503 270 conspirant.

127 281 513 321 Restant-lectiones
539 280 737 331 quaedam
762 281 939 319 incertae
966 280 1145 331 originis,
1171 279 1314 330 quibus
1337 280 1501 331 quidem

130 343 231 382 vitia
265 342 397 392 priore
429 353 528 381 aevo
554 341 763 380 contracta
793 340 859 380 vel
890 340 1051 380 sublata
1081 340 1145 380 vel
1175 339 1377 391 probabili
1408 353 1498 380 con-

127 404 283 442 iectura
322 402 482 440 tentata
528 399 752 440 videantur.
822 400 902 439 Eas
940 407 974 450 ψ
1018 400 1158 440 littera.
1200 401 1350 440 notavi.
1411 400 1501 441 Hac

127 463 283 502 ratione
324 461 507 502 adhibita
548 473 630 501 non
673 473 828 512 paucae
865 461 1055 500 lectiones
1097 461 1141 499 in
1178 459 1380 502 codicibus
1417 462 1500 501 tra-

129 523 237 562 ditae
267 523 415 562 rectius
446 522 522 561 hac
548 520 722 560 editione
748 534 870 571 quam
902 522 1022 561 antea
1044 521 1182 572 potuit
1204 520 1292 561 fieri
1317 515 1499 574 designa-

127 586 194 623 tae
226 584 328 622 sunt.

219 642 423 689 Quantum
454 643 615 692 utrique
645 642 867 681 recensioni
903 641 1026 693 pretii
1063 642 1104 698 et
1140 642 1398 686 auctoritatis,
1426 642 1500 681 tri-

127 703 331 743 buendum
355 703 422 752 sit,
445 715 494 742 ne
519 702 638 742 hodie
664 701 826 753 quidem
850 702 957 742 inter
981 702 1088 741 viros
1115 701 1252 742 doctos
1284 703 1382 742 satis
1409 709 1500 742 con-

129 765 222 803 stat.
285 763 391 802 Nam
424 762 500 802 hoc
537 763 613 802 etsi
650 775 766 802 nemo
801 762 981 812 dubitat,
1013 763 1111 813 quin
1149 761 1272 802 codex
1306 761 1501 802 Etruscus

127 837 200 876 pro
232 825 425 874 primario
455 824 589 862 textus
615 822 884 862 constituendi
909 822 1171 863 fundamento
1201 821 1408 863 habendus
1433 822 1500 872 sit,

128 885 307 924 diversae
350 885 487 923 tamen
531 883 579 923 de
623 882 788 922 alterius
833 884 1075 924 auctoritate
1119 883 1342 923 sententiae
1377 881 1502 936 *hodie

128 957 287 995 quoque
319 944 512 983 feruntur.
566 943 626 982 Ac
657 952 729 983 nos
761 943 923 994 quidem
954 956 1045 984 cum
1075 944 1119 982 in
1149 943 1401 994 praefatione
1432 955 1499 982 ve-

128 1006 224 1044 teris
257 1004 446 1044 editionis
472 998 679 1058 (p4XV11)
708 1005 766 1043 sic
791 1004 1081 1054 statuissemus,
1107 997 1313 1055 ‘quamvis
1344 1014 1503 1043 summa

129 1067 233 1105 esset
263 1064 357 1103 libri
387 1064 549 1103 Etrusci
574 1065 808 1114 auctoritas,
839 1065 976 1104 tamen
1008 1076 1074 1104 eos
1105 1063 1362 1104 vehementer
1392 1075 1499 1103 erra-

128 1130 240 1165 turos
278 1137 379 1174 esse,
418 1126 452 1164 si
487 1125 560 1175 qui
598 1125 725 1164 careri
761 1137 878 1176 posse
914 1125 1153 1177 interpolati
1189 1125 1345 1176 generis
1384 1123 1501 1162 libris

129 1185 322 1226 auderent
353 1184 553 1225 affirmare
562 1180 575 1199 ’
577 1215 587 1235 ,
618 1184 661 1223 F.
687 1184 787 1224 Lno'
804 1179 855 1240 (Ι,
875 1179 922 1239 4)
957 1182 1028 1224 ‘ne
1056 1186 1102 1223 in
1127 1186 1183 1224 eis
1211 1183 1372 1235 quidem
1396 1195 1501 1235 quae

130 1247 314 1296 corrupte
351 1245 543 1284 Etruscus
580 1244 788 1296 praebeat,
827 1245 954 1284 ullam
985 1257 1070 1285 esse
1102 1245 1294 1297 vulgaris-
1314 1241 1501 1286 lectionis

129 1301 433 1345 auctoritatem'
465 1304 682 1345 contendit.
746 1304 826 1345 Sed
861 1305 947 1357 ipse
986 1317 1120 1344 secum
1156 1305 1314 1357 pugnat
1343 1303 1387 1342 in
1417 1305 1500 1343 tra-

129 1366 362 1418 goediarum
388 1365 563 1405 editione
586 1365 741 1405 mendis
766 1364 1031 1405 Laurentiani
1061 1365 1157 1404 libri
1187 1365 1387 1404 sescentis·
1401 1363 1501 1404 locis

127 1427 464 1477 interpolatorum
479 1425 670 1466 librorum
693 1439 767 1476 ope
787 1424 968 1466 sublatis.
994 1425 1079 1465 Nec
1091 1425 1263 1475 defuere,
1280 1424 1350 1476 qui
1361 1421 1501 1475 parem

133 1487 290 1537 utrique
314 1487 535 1525 recensioni
561 1487 846 1528 auctoritatem
871 1485 1155 1526 vindicandam
1174 1497 1258 1525 esse
1284 1486 1500 1524 censerent.

131 1545 206 1586 Cui
236 1547 458 1586 sententiae
489 1545 700 1597 Peiperum
724 1546 873 1586 favisse
899 1547 984 1587 eius
1009 1545 1140 1586 verbis
1165 1547 1209 1584 in
1235 1544 1394 1584 exordio
1420 1543 1500 1583 dis—

129 1607 351 1658 putationis
382 1608 627 1646 memoratae
660 1608 839 1658 apparet.
902 1605 1052 1646 Verum
1082 1607 1126 1644 in
1156 1604 1289 1645 medio
1321 1616 1405 1644 esse
1428 1612 1510 1655 po->

132 1669 255 1706 situm
282 1666 354 1718 ego
381 1666 542 1718 quidem
567 1667 610 1705 in
631 1665 823 1717 Symbola
842 1665 1006 1706 Jenensi
1031 1666 1314 1708 demonstravi.
1345 1663 1502 1715 Nempe

131 1740 221 1766 cum
257 1726 509 1778 interpolata
538 1728 716 1766 recensio
759 1729 823 1767 tot
859 1726 957 1767 locis
995 1739 1069 1778 pro
1110 1727 1300 1777 corrupta
1339 1723 1502 1764 Etrusci

130 1788 300 1827 lectione
331 1788 606 1839 incorruptam
636 1787 829 1838 praebeat
854 1788 895 1827 et
927 1786 976 1827 ab
1000 1787 1090 1838 ipso
1122 1785 1255 1826 Leone
1284 1785 1501 1835 receptam,

130 1861 211 1887 non
240 1847 354 1886 nulla
378 1849 553 1886 veterem
576 1847 908 1898 interpolatorem
933 1859 1037 1898 quae
1067 1847 1112 1886 in
1143 1845 1360 1896 archetypo
1385 1844 1503 1883 erant

131 1910 171 1947 et
202 1908 345 1960 legisse
376 1908 417 1946 et
447 1906 700 1958 descripsisse
730 1908 879 1947 rectius
909 1907 954 1946 in
984 1906 1199 1958 propatulo
1232 1907 1303 1945 est.

220 1967 326 2007 Huic
350 1968 410 2020 rei
429 1966 666 2006 documento
692 1969 786 2007 sunt
804 1967 906 2007 folia
922 1967 996 2007 illa
1013 1967 1210 2018 rescripta
1235 1965 1383 2006 codicis
1402 1963 1500 2003 Am-

131 2029 310 2068 brosiani
330 2021 416 2083 (R),
439 2027 488 2066 de
508 2040 677 2078 quorum
697 2028 939 2067 auctoritate
957 2029 1004 2066 ut
1023 2027 1184 2066 omnino
1202 2026 1310 2065 recte
1328 2023 1502 2065 iudicari

131 2090 267 2140 posset
291 2086 508 2140 (311111121312211⁴
523 2085 802 2127 Srnnmmnm
825 2087 962 2127 labore
993 2089 1036 2126 et
1059 2099 1155 2126 cura
1179 2079 1408 2140 contigit.*)
1446 2083 1503 2123 Et

133 2148 240 2199 quod
270 2149 357 2199 ipse
389 2148 544 2197 statuit,
569 2147 746 2187 codicem
769 2148 1010 2198 rescriptum
1041 2160 1088 2186 ex
1113 2146 1251 2187 eodem
1283 2143 1502 2196 archetypo

135 2209 359 2249 derivatum
391 2220 474 2247 esse
505 2206 610 2247 unde
642 2208 675 2246 Ε
707 2208 879 2259 fluxerit,
909 2206 955 2246 id
982 2220 1122 2247 verum
1153 2218 1236 2246 esse
1260 2205 1349 2245 loco
1375 2203 1501 2245 allato

231 2348 261 2394 Ψ)
293 2346 349 2383 De
376 2346 539 2382 Senecae
564 2345 849 2391 tragoediarum
873 2344 1099 2391 fragmentis
1123 2342 1239 2380 rescri
1266 2342 1316 2379 tis
1343 2342 1502 2382 Ambro-

136 2396 252 2432 sianis
279 2395 431 2442 scripsit
456 2392 664 2430 Guilelmus
691 2393 938 2430 Studemund.
988 2391 1063 2429 Leo
1082 2392 1127 2438 H,
1148 2404 1183 2438 p,
1204 2391 1238 2427 X
1298 2402 1378 2436 sqq.
