1618 2554
176 147 261 192 198
428 165 433 169 -
608 147 636 182 L
670 145 862 182 ANNAEI
889 143 1113 205 spNEcAE

173 261 386 303 cruorque
419 249 567 289 sancto
602 245 732 288 solvit
765 244 940 287 inferias
972 244 1078 287 viro.

173 319 305 351 THES.
340 306 453 359 Quid
483 307 624 349 facere
656 308 781 361 rapto
815 305 970 348 debeas
1004 307 1137 362 gnato
1171 318 1345 360 parens,

173 369 288 412 disce
319 384 344 412 a
375 381 578 411 noverca:
612 367 794 410 condere
827 364 1089 409 Acherontis
1123 365 1276 422 plagis.
1464 375 1557 408 1200

262 488 419 532 Pallidi·
451 488 597 531 fauces
629 486 791 530 Averni
824 501 1005 543 vosque,
1038 485 1246 529 Taenarei
1280 500 1453 542 specus,

172 550 288 593 unda
320 549 487 593 miseris
520 551 644 606 grata
675 547 833 590 Lethes
866 562 1043 604 vosque,
1075 549 1301 603 torpentes
1332 545 1466 602 lacus,

172 610 357 667 impium
388 609 529 666 rapite
561 611 691 664 atque
724 623 912 651 mersum
946 608 1131 664 premite
1162 607 1386 664 perpetuis
1417 606 1556 650 malis.

173 685 290 714 nunc
321 671 485 725 adeste,
517 685 643 712 saeva
675 670 799 725 ponti
832 671 1039 724 monstra,
1073 682 1189 711 nunc
1220 670 1392 711 vastum
1426 681 1557 725 mare,

172 732 329 775 ultimo
342 730 644 787 quodcumque
653 729 836 773 Proteus
847 744 1082 785 aequorum
1098 728 1327 772 abscondit
1338 728 1448 784 sinu,
1463 738 1557 772 1205

173 807 328 849 meque
361 793 562 835 ovantem
596 791 754 835 scelere
786 793 909 833 tanto
942 790 1082 846 rapite
1121 789 1166 832 in
1203 789 1316 832 altos
1349 789 1557 847 gurgites.

173 855 309 909 tuque
342 867 522 908 semper,
554 851 739 909 genitor,
771 851 859 894 irae
892 851 1032 893 facilis
1065 865 1265 893 assensor
1296 865 1436 906 meae,

174 915 315 957 morte
345 913 465 956 facili
498 912 655 969 dignus
687 911 803 954 haud
837 926 931 954 sum
966 912 1037 967 qui
1075 925 1187 954 nova
1219 913 1372 954 natum
1404 924 1509 954 nece

174 988 397 1031 segregem
436 973 574 1029 sparsi
612 988 690 1029 per
720 987 848 1030 agros
882 972 1062 1028 quique,
1101 972 1204 1014 dum
1242 971 1402 1015 falsum
1435 971 1558 1014 nefas

174 1049 387 1091 exsequor
417 1033 575 1077 vindex
607 1048 799 1088 severus,
831 1033 963 1075 incidi
997 1033 1043 1075 in
1075 1047 1225 1075 verum
1259 1033 1410 1076 scelus.
1464 1043 1558 1075 1210

174 1095 314 1139 sidera
346 1097 389 1138 et
421 1109 568 1138 manes
601 1097 644 1137 et
675 1094 812 1136 undas
845 1094 1005 1137 scelere
1037 1093 1255 1150 complevi
1286 1107 1403 1136 meo:

173 1155 362 1212 amplius
394 1169 486 1199 sors
518 1155 639 1198 nulla
670 1157 823 1210 restat3
855 1169 988 1212 regna
1021 1169 1090 1197 me
1122 1156 1285 1197 norunt
1317 1154 1413 1197 tria.

265 1274 318 1319 In
348 1276 433 1320 hoc
463 1275 683 1319 redimus?
715 1276 859 1332 patuit
891 1276 945 1320 ad
977 1276 1145 1319 caelum
1177 1276 1266 1331 via,

173 1337 277 1380 bina
308 1339 358 1379 ut
388 1337 578 1380 viderem
609 1336 762 1379 funera
795 1339 838 1380 et
871 1337 1089 1394 geminam
1122 1350 1292 1392 necem,

177 1397 345 1441 caelebs
378 1400 420 1441 et
452 1397 582 1440 orbus
613 1397 816 1440 funebres
848 1413 935 1440 una
966 1397 1060 1441 face
1465 1405 1558 1439 1215

177 1461 227 1501 ut
259 1472 577 1501 concremarem
610 1459 745 1514 prolis
777 1473 827 1501 ac
859 1457 1043 1501 thalami
1074 1458 1236 1515 rogos?

178 1519 362 1562 donator
393 1521 510 1562 atrae
541 1519 669 1575 lucis,
700 1517 873 1575 Alcide,
904 1522 1030 1562 tuum

175 1578 271 1622 Diti
301 1580 473 1622 remitte
504 1594 679 1636 munus3
713 1582 884 1636 ereptos
916 1580 1026 1623 mihi

176 1640 355 1683 restitue
387 1655 545 1682 manes.
608 1639 769 1696 impius
800 1640 964 1684 frustra
995 1641 1151 1684 invoco

178 1702 362 1743 mortem
394 1701 588 1743 relictam
614 1726 674 1731 —-
700 1701 857 1744 crudus
890 1704 933 1744 et
964 1702 1041 1744 leti
1072 1700 1249 1756 artifex,
1465 1710 1558 1743 1220

140 1812 150 1820 ἱ
178 1761 310 1804 exitia
342 1760 616 1804 machinatus
648 1762 826 1805 insolita
859 1762 1008 1817 effera,

178 1837 294 1865 nunc
325 1821 496 1865 tibimet
528 1822 620 1878 ipse
652 1822 766 1865 iusta
798 1823 1012 1879 supplicia
1044 1822 1200 1879 irroga.

179 1882 308 1938 pinus
342 1885 491 1925 coacto
523 1883 684 1925 vertice
717 1883 936 1940 attingens
968 1884 1152 1926 humum

179 1943 298 1986 caelo
332 1943 555 1985 remissum
591 1944 727 1986 findat
759 1944 805 1986 in
836 1945 1032 2001 geminas
1064 1943 1226 1998 trabes,

277 2052 362 2084 1199
388 2062 487 2085 mss.
509 2061 577 2085 om.
598 2053 629 2084 A
647 2052 659 2095 Η
677 2054 768 2085 1200
795 2050 898 2086 disce
921 2062 964 2086 ex
983 2063 1019 2086 n.
1041 2053 1071 2085 A
1090 2052 1101 2098 ss
1121 2053 1207 2086 1201
1233 2062 1332 2085 runs.
1351 2049 1471 2096 praef.
1493 2051 1523 2084 Δ
1551 2048 1556 2095 Ι

179 2098 326 2134 teuerai
357 2102 386 2142 Ε
424 2098 587 2133 trenarei
621 2101 675 2133 Δτ
712 2100 724 2144 Η
761 2102 851 2134 1203
890 2099 1051 2144 impium
1091 2099 1221 2135 abdite
1260 2099 1336 2135 Leo
1368 2099 1419 2134 11
1440 2100 1513 2133 381
1549 2098 1560 2143 {i

178 2150 270 2182 1204
296 2147 445 2182 vastum
471 2157 585 2192 pessus
612 2149 656 2183 ci.
684 2147 835 2183 Richter
859 2149 972 2193 symb.
997 2160 1033 2193 p.
1057 2151 1106 2183 30·
1125 2149 1245 2193 111205
1274 2147 1398 2182 sinum
1423 2150 1452 2181 Ε
1483 2145 1561 2182 ‘sed

178 2208 218 2231 m
255 2196 426 2241 (lineola)
465 2207 573 2231 erasa
604 2196 769 2231 ‘videtur’
797 2200 839 2231 ut
871 2197 947 2232 Leo
979 2200 1145 2239 testatur,
1184 2195 1269 2231 sinu
1306 2199 1335 2230 E
1368 2200 1391 2231 t.
1419 2196 1560 2238 Petem,

174 2244 276 2280 nihil
300 2244 457 2280 adnotat
480 2243 779 2289 Ribbeck-1212&
808 2255 983 2280 ascensor
1008 2249 1036 2280 E
1056 2245 1176 2290 111207
1205 2248 1289 2280 ame
1314 2247 1406 2279 1208
1435 2243 1563 2289 posuit

178 2292 337 2339 Bentley
356 2293 368 2338 l}
387 2295 476 2327 1208
506 2293 626 2327 morte
654 2292 812 2338 dignum
838 2293 986 2328 facinus
1014 2304 1128 2328 ausus
1155 2304 1238 2328 sum
1265 2293 1349 2337 (sie)
1377 2291 1443 2338 qui
1469 2295 1519 2327 At
1549 2291 1561 2337 ΙΙ

179 2344 265 2377 1210
297 2341 434 2377 vindex
467 2340 648 2376 scelestus
681 2345 712 2374 A
746 2343 750 2386 ξ
785 2352 914 2376 verum
945 2342 1052 2377 nefas
1086 2345 1115 2376 A
1152 2343 1164 2387 Η
1201 2344 1282 2376 1211
1318 2340 1450 2376 sceleri
1482 2343 1511 2375 Ε
1549 2341 1560 2387 ΙΙ

179 2393 265 2425 1213
291 2390 332 2426 in
358 2388 506 2425 caelum
530 2392 585 2424 At
616 2390 627 2434 Ιξ
666 2392 751 2424 1221
778 2388 913 2425 efferar
939 2393 992 2424 A⁷
1028 2391 1041 2435 Η
1079 2393 1170 2425 1222
1197 2389 1279 2435 ipse
1306 2389 1458 2424 tibimet
1483 2389 1560 2425 Leo

180 2450 263 2476 cum
290 2439 427 2475 Bothio
452 2442 582 2474 eontra
609 2437 720 2474 libros
