1618 2554
156 131 244 175 222
595 131 633 166 L.
655 129 846 166 ANNAEI
872 127 1094 165 SENECAE

158 242 226 273 CR.
259 229 418 274 Tacere
448 230 591 273 liceat.
652 229 743 271 ulla
774 228 952 272 libertas
985 228 1130 269 minor

155 306 180 333 a
210 305 311 349 rege
343 290 535 347 petitur?

444 362 552 393 OED.
587 349 722 406 Saepe
755 350 824 392 vel
855 350 1007 405 lingua
1040 347 1179 404 magis

153 413 247 469 regi
279 414 409 467 atque
441 425 575 468 regno
608 413 730 452 muta
760 410 939 452 libertas
973 409 1108 451 obest.
1461 418 1530 450 525

156 483 224 514 CR.
257 471 347 515 Vbi
377 487 465 514 non
497 471 601 514 licet
631 474 792 525 tacere,
824 470 927 525 quid
960 469 1164 524 cuiquam
1196 468 1328 511 licet?

155 543 262 575 OED.
295 531 482 588 Imperia
515 531 646 574 solvit
679 531 754 586 qui
786 533 902 573 tacet
934 530 1076 573 iussus
1108 530 1243 586 loqui.

156 603 226 637 CR.
259 591 419 635 Coacta
451 592 582 635 verba
614 591 811 647 placidus
844 591 1030 646 accipias
1063 604 1227 646 precor.

121 705 127 711 ἱ
154 664 261 696 OED.
295 651 442 695 Vlline
475 668 614 708 poena
645 652 764 695 vocis
798 666 1025 707 expressae
1057 650 1170 694 fuit?

155 724 223 756 CR.
256 712 340 756 Est
370 714 523 769 procul
555 713 608 755 ab
641 712 747 755 urbe
779 713 903 755 lucus
936 712 1110 754 ilicibus
1142 711 1278 768 niger,
1458 720 1529 752 530

153 773 335 816 Dircaea
368 774 481 816 circa
512 773 638 816 vallis
671 773 869 830 inriguae
900 774 1007 815 loca.

153 848 380 890 cupressus
412 834 511 876 altis
544 848 723 876 exerens
756 834 876 876 silvis
909 836 1040 889 caput

152 894 317 938 virente
350 909 520 950 semper
551 894 703 951 alligat
734 897 889 936 trunco
922 909 1094 949 nemUS‚

152 969 392 1010 curvosque
423 954 563 997 tendit
594 969 777 1009 quercus
811 958 853 997 et
885 957 1033 1010 putres
1067 955 1154 996 situ

150 1029 314 1058 annosa
344 1030 506 1058 ramos:
539 1014 669 1057 huius
702 1015 878 1070 abrupit
909 1016 1025 1058 latus
1459 1022 1529 1056 535

150 1075 260 1118 edax
291 1077 501 1132 vetustas3
533 1076 626 1130 illa,
658 1076 743 1117 iam
777 1076 891 1118 fessa
924 1076 1079 1118 cadens

150 1135 313 1192 radice,
343 1136 456 1178 fulta
487 1137 646 1192 pendet
677 1136 818 1178 aliena
851 1136 983 1179 trabe.

149 1210 296 1239 amara
327 1196 455 1239 bacas
486 1197 634 1239 laurus
667 1200 710 1239 et
742 1197 861 1239 tiliae
893 1197 1010 1239 leves

150 1259 193 1299 et
223 1255 390 1312 Paphia
422 1259 590 1313 myrtus
623 1260 665 1300 et
698 1272 775 1313 per
806 1258 1065 1300 immensum
1100 1273 1216 1299 mare

148 1319 320 1359 motura
351 1332 493 1360 remos
526 1317 651 1360 alnus
684 1321 727 1360 et
759 1317 939 1360 Phoebo
973 1318 1103 1360 obvia
1456 1327 1526 1359 540

149 1378 285 1420 enode
317 1376 528 1433 Zephyris
560 1379 689 1434 pinus
723 1392 949 1434 opponens
981 1378 1115 1421 latus:

146 1437 290 1480 medio
324 1440 410 1480 stat
441 1439 594 1495 ingens
627 1438 757 1481 arbor
788 1442 918 1494 atque
950 1439 1105 1481 umbra
1137 1439 1259 1496 gravi

148 1497 279 1541 silvas
310 1498 501 1541 minores
533 1501 691 1556 urguet
723 1502 766 1541 et
798 1514 958 1556 magno
991 1499 1160 1542 ambitu

148 1558 304 1601 diffusa
334 1573 478 1602 ramos
510 1574 597 1602 una
629 1559 820 1603 defendit
851 1575 1017 1603 nemus.

147 1619 287 1662 tristis
320 1618 399 1662 sub
433 1619 526 1675 illa,
557 1619 668 1662 lucis
701 1623 743 1662 et
774 1620 941 1664 Phoebi
976 1621 1157 1676 inscius,
1456 1630 1525 1662 545

146 1682 369 1736 restagnat
399 1695 526 1722 umor
556 1680 720 1738 frigore
753 1683 927 1724 aeterno
960 1682 1125 1738 rigens3

145 1738 301 1782 limosa
331 1740 506 1797 pigrum
539 1740 738 1784 circumit
769 1741 937 1784 fontem
969 1741 1106 1798 palus.

236 1799 335 1843 Huc
366 1803 416 1843 ut
448 1801 645 1844 sacerdos
677 1801 828 1845 intulit
860 1802 1005 1845 senior
1036 1801 1239 1860 gradum,

145 1859 253 1902 haut
285 1863 350 1903 est
381 1864 594 1904 moratus:
626 1863 846 1918 praestitit
878 1865 1051 1906 noctem
1084 1863 1218 1906 100118.

144 1922 239 1963 tum
272 1921 428 1964 effossa
459 1922 609 1977 tellus,
641 1925 685 1965 et
717 1938 847 1979 super
877 1924 992 1980 rapti
1023 1924 1143 1980 rogis
1454 1931 1524 1965 550

144 1979 362 2024 iaciuntur
393 1982 528 2039 ignes.
591 1983 683 2038 ipse
715 1984 890 2026 funesto
924 1984 1082 2041 integit

242 2127 312 2159 523
345 2124 452 2160 nulla
483 2128 514 2160 A
557 2127 568 2170 Η
613 2129 684 2160 524
715 2126 858 2163 duobus
890 2127 1051 2163 versibus
1082 2131 1113 2162 Β,
1150 2127 1240 2163 111118
1272 2126 1406 2172 lingua
1431 2128 1481 2160 Δτ
1511 2126 1524 2172 ΙΙ

143 2175 214 2208 526
239 2171 306 2207 ubi
331 2173 406 2209 tac.
428 2185 464 2208 n.
486 2173 547 2209 lic.
568 2177 618 2208 At
642 2176 653 2220 Η
674 2177 742 2210 527
771 2175 856 2223 quit
880 2178 912 2209 R
930 2176 942 2220 η
968 2179 1039 2211 532
1061 2180 1147 2221 post
1172 2179 1242 2211 533
1267 2177 1421 2221 311534
1446 2173 1524 2210 situ

142 2231 188 2257 eae
213 2220 308 2256 situs
334 2224 364 2256 B.
392 2223 404 2268 ss
434 2225 504 2257 536
530 2221 598 2257 illa
623 2226 689 2257 BE
723 2223 822 2258 silua
848 2226 878 2257 A
901 2225 905 2268 Ι
928 2223 1004 2259 iam
1032 2223 1155 2269 spissa
1180 2228 1209 2259 E
1235 2223 1368 2270 (scissa
1393 2222 1524 2267 Bothe,

141 2268 230 2305 fissa
250 2269 407 2315 Paper),
434 2270 458 2305 i.
479 2269 580 2306 fessa
599 2274 667 2305 BA
693 2271 739 2315 cf.
763 2272 915 2308 Richter
932 2273 1045 2318 symb.
1062 2284 1101 2318 p.
1117 2275 1166 2308 10
1184 2274 1197 2318 Η
1217 2275 1286 2308 538
1311 2271 1441 2307 baccis
1460 2273 1491 2306 A
1511 2269 1525 2319 Η

143 2320 213 2353 540
232 2316 359 2364 phobo
373 2321 404 2353 B
422 2319 435 2365 ss
455 2322 526 2354 542
546 2319 671 2364 adque
685 2323 715 2353 R
733 2321 746 2365 n
767 2323 835 2354 543
857 2319 952 2355 silva
971 2320 1117 2356 minore
1132 2321 1255 2367 surgit
1267 2323 1317 2355 At
1340 2321 1353 2367 ΙΙ
1372 2322 1443 2355 544
1461 2329 1523 2354 ra-

140 2365 213 2402 mis
237 2366 374 2402 umbra
399 2370 448 2402 Δτ
478 2369 491 2413 ΙΙ
529 2371 598 2402 545
625 2367 732 2403 lucus
758 2371 807 2402 Ατ
844 2369 855 2414 l}
894 2371 964 2403 546
989 2368 1079 2404 hinc
1105 2368 1181 2415 (hic-
1207 2371 1248 2415 τ)
1274 2369 1430 2416 stagnat
1454 2370 1486 2402 A
1509 2366 1523 2416 Η

71 2448 74 2454 ,
141 2417 211 2450 547
239 2414 374 2451 circuit
400 2417 546 2462 1111551
571 2415 657 2462 ipsa
686 2416 833 2461 Gruter,
859 2417 1017 2464 Bentley
