1618 2554
489 93 745 131 HEROVLES
770 92 1028 142 [OETAEVS]
1357 92 1445 137 327

187 193 274 238 hoc
303 195 429 238 vultu
459 192 625 251 riguit?
657 192 886 236 commoda
916 192 1112 236 cladibus
1375 204 1445 237 170

188 255 360 313 magnis
391 269 551 312 magna
581 255 751 309 patent3
781 253 845 296 nil
876 255 1072 309 superest
1103 251 1225 295 mali:

189 315 348 359 iratum
380 314 561 358 miserae
594 313 780 356 vidimus
812 312 1056 357 Herculem.

687 457 822 501 IOLE

376 543 436 587 At
467 557 549 602 ego
582 543 733 586 infelix
763 557 853 586 non
884 543 1062 599 templa·
1079 544 1167 585 suis

285 605 492 660 conlapsa
522 604 613 647 deis
644 617 870 660 sparsosve
902 603 1042 660 focos,

284 665 399 708 natis
431 665 592 708 mixtos
624 664 779 707 arsisse
809 666 955 720 patres
1375 677 1442 709 175

284 725 540 782 hominique
571 725 693 779 deos,
722 724 887 781 templa
917 724 1179 780 sepulchris,

284 786 456 829 nullum
488 785 710 842 querimur
741 799 971 828 commune
1003 786 1185 828 malum:

284 846 372 889 alio
403 848 574 889 nostras
605 845 782 888 fortuna
813 848 940 889 vocat

284 907 503 961 lacrimas,
535 906 641 949 alias
673 906 776 949 flere
807 908 953 950 ruinas

375 966 448 1010 Me
477 966 570 1009 fata
598 966 763 1010 iubent.
1375 980 1443 1011 180

286 1041 396 1083 quae
426 1027 568 1084 prima
599 1027 783 1083 querar?
816 1042 925 1083 quae
958 1042 1127 1070 summa
1160 1028 1363 1085 gemam?

284 1088 448 1144 pariter
479 1090 636 1130 cuncta
668 1102 692 1129 a
724 1087 880 1130 deflere
911 1088 1032 1131 iuvat

283 1162 364 1191 nec
395 1148 522 1204 plura
553 1147 671 1191 dedit
703 1150 880 1203 pectora
904 1147 1053 1191 Tellus

285 1211 335 1251 ut
366 1208 499 1266 digna
530 1211 685 1251 sonent
717 1208 895 1250 verbera
925 1209 1038 1251 fatis.

285 1283 355 1312 me
385 1269 456 1312 vel
488 1267 688 1325 Sipylum
721 1268 865 1311 flebile
896 1283 1049 1312 saxum
1373 1282 1441 1313 185

284 1329 454 1387 fingite,
486 1329 650 1386 superi,
681 1330 751 1371 vel
783 1330 828 1371 in
859 1327 1037 1372 Eridani

285 1390 435 1446 ponite
465 1390 592 1446 ripis,
623 1389 700 1432 ubi
731 1392 896 1432 maesta
928 1392 1052 1432 sonat

285 1449 649 1493 Phaetontiadum
682 1450 792 1492 silva
822 1464 1039 1500 sororum;

284 1525 354 1553 me
384 1511 455 1554 vel
486 1507 645 1554 Siculis
677 1509 822 1553 addite
853 1511 985 1564 saxis,

283 1570 361 1614 ubi
391 1571 482 1614 fata
513 1585 685 1629 gemam
711 1569 918 1614 Thessala.
950 1569 1090 1623 Siren,
1374 1583 1443 1614 190

283 1632 354 1674 vel
384 1632 432 1675 in
461 1630 638 1675 Edonas
669 1631 811 1674 tollite
844 1631 973 1674 silvas

164 1755 231 1787 172
255 1750 384 1786 miseri
408 1754 437 1785 Β
481 1753 493 1795 11
536 1753 736 1786 173-209
760 1750 907 1786 dimetri
934 1749 1126 1786 claudente
1156 1748 1377 1786 monometro
1402 1762 1441 1787 ω

66 1800 144 1836 m'si
167 1800 266 1846 quod
290 1800 390 1835 binis
413 1800 588 1836 trimetris
613 1801 820 1834 207—209
844 1798 938 1843 (vidi
955 1797 1146 1843 —iacuit)
1171 1799 1213 1834 in
1238 1802 1286 1842 Ε,
1318 1802 1440 1834 818—

67 1851 141 1883 210
164 1848 257 1893 (iam
282 1847 360 1883 iun
374 1847 542 1893 -mihi)
568 1848 610 1883 in
635 1849 666 1882 A
691 1846 866 1892 descripti
889 1851 989 1890 eunt,
1018 1847 1234 1884 moraometri
1258 1848 1297 1882 in
1324 1851 1353 1882 E
1379 1858 1441 1883 ex-

66 1899 151 1933 tant
173 1898 241 1947 ψ
265 1895 379 1942 (verb.
406 1894 447 1941 f.)
472 1900 507 1931 et
531 1899 598 1931 218
623 1898 765 1942 (quaer.
793 1896 839 1941 e.)
882 1897 895 1941 11
937 1898 1002 1930 1⁷3
1029 1906 1063 1930 n.
1085 1906 1134 1931 m.
1152 1895 1157 1942 1
1174 1905 1206 1931 a.
1233 1907 1269 1941 p,
1298 1894 1444 1932 duobw

66 1945 230 1982 verubus
253 1948 283 1980 Β
301 1945 400 1990 11180
423 1954 510 1980 mea
535 1956 573 1980 ω
597 1955 690 1981 corr.
718 1942 931 1990 Raphelinq
960 1946 974 1988 11
1003 1946 1065 1979 181
1090 1946 1135 1979 13:
1163 1942 1267 1986 Quae
1293 1953 1441 1979 summa

66 1997 243 2039 gemam?
266 1992 430 2040 pariter!
447 1991 639 2037 Casusque
663 1994 750 2027 tuos
775 1991 932 2038 respicis
959 1996 1113 2027 amens?
1139 1992 1283 2028 omissis
1302 2003 1355 2027 vv.
1373 1994 1441 2026 182

67 2045 206 2085 -226,
235 2051 326 2088 quos
349 2045 471 2077 tamen
495 2052 541 2076 m.
564 2044 584 2076 1
611 2041 703 2083 folio
728 2042 886 2084 minore,
916 2052 940 2076 a
964 2040 1206 2086 quaternione
1230 2040 1354 2076 alieno
1378 2050 1439 2075 ex-

66 2089 191 2126 aravit
208 2091 222 2135 11
239 2092 307 2124 1⁸2
333 2091 470 2125 cuncta
487 2092 555 2124 BA
573 2099 666 2125 corr.
687 2088 838 2125 Richter
860 2089 866 2135 1
883 2092 968 2135 post
992 2088 1098 2124 iuvat
1117 2088 1288 2124 lacunam
1308 2088 1442 2124 statuit

67 2137 304 2175 D.Heivm’u8
316 2149 424 2184 quam
436 2137 646 2174 Gronovius
658 2138 712 2173 sic
723 2136 940 2183 explendam
954 2137 1112 2173 censuit:
1126 2136 1209 2183 [cur
1221 2147 1296 2171 non
1310 2135 1440 2172 oculos

67 2186 195 2232 plures
214 2184 340 2233 nobis]
358 2185 456 2222 nihil
472 2185 656 2222 desiderat
670 2185 827 2231 Bentley
845 2186 928 2230 (nec
948 2184 1094 2221 causali
1109 2195 1217 2220 sensu
1233 2185 1409 2230 positum)
1427 2184 1441 2230 11

65 2237 134 2270 1⁸4
158 2233 316 2270 verbera
337 2233 497 2281 planctu
521 2236 552 2269 A
578 2235 592 2280 11
625 2237 690 2269 185
717 2233 750 2268 si
776 2233 939 2279 syphum
963 2237 992 2268 Ε
1018 2232 1153 2279 sisiphi
1178 2235 1209 2266 A
1232 2231 1363 2279 (sipyli
1388 2233 1441 2278 ψ)

65 2293 158 2318 corr.
177 2282 326 2319 Gronov
344 2284 358 2327 11
375 2285 441 2317 188
460 2282 555 2328 figat
574 2282 701 2328 superi
720 2284 750 2316 A
768 2284 781 2327 11
800 2285 864 2316 188
884 2281 1107 2327 phoetontia
1128 2281 1228 2316 dum.
1247 2285 1276 2315 Ε
1298 2282 1304 2327 1
1326 2279 1441 2316 turba

67 2341 238 2377 sororum
262 2332 409 2376 Δ11190
433 2330 551 2376 gemit
579 2333 607 2365 A
630 2333 634 2375 1
658 2330 780 2376 sirene
805 2333 833 2364 Ε
854 2332 865 2374 :{
885 2333 946 2365 191
972 2329 1127 2365 edonias
1153 2332 1221 2364 EA
1245 2339 1336 2364 corr.
1364 2335 1402 2371 ψ
1430 2327 1437 2375 1

66 2378 199 2425 ponite
224 2382 253 2413 R
