1618 2554
164 113 254 157 344
603 113 642 149 L.
664 112 856 149 ANNAEI
880 111 1102 149 SENECAE
1327 130 1351 150 a

380 212 557 256 fortuna
586 212 746 255 metus!
777 210 950 255 Bruttia
982 209 1094 254 Coro
1467 223 1537 256 660

381 272 583 329 pulsante
613 271 774 315 fretum
805 270 947 314 lenior
976 271 1093 315 unda
1123 274 1205 328 est3

381 335 560 390 pectora
589 347 755 389 pauper
786 346 935 377 secura
966 332 1088 389 gerit.

381 395 502 437 tenet
532 406 556 436 e
586 392 738 449 patula
769 393 926 448 poeula
957 391 1079 450 fago,

381 453 458 497 sed
489 467 580 496 non
609 451 778 508 trepida
808 454 929 496 tenet
960 452 1037 496 illa
1067 467 1218 509 manu3

383 513 522 570 carpit
551 513 701 557 faciles
733 513 927 568 vilesque
960 512 1099 568 eibos,
1470 525 1539 556 655

383 573 459 617 sed
489 588 578 617 non
610 573 783 616 strictos
814 572 992 629 respicit
1024 587 1165 616 enses:

383 648 513 677 aurea
543 634 698 676 miscet
727 634 886 690 poeula
917 634 1106 690 sanguis.

383 693 572 738 conjunx
605 692 777 737 modico
809 695 948 750 nupta
978 695 1135 737 marito

382 769 472 798 non
503 753 716 811 disposito
749 754 865 797 clara
897 754 1050 797 monili

384 816 526 872 gestat
556 814 702 872 pelagi
734 814 847 857 dona
877 814 1092 870 rubentia,
1472 826 1541 858 660

385 889 466 918 nee
498 874 773 932 gemmiferas
806 874 996 918 detrahit
1027 889 1149 918 aures

381 935 494 991 lapis
525 933 621 978 an
651 935 789 978 lectus
822 935 867 978 in
899 935 1035 990 unda,

383 1010 463 1039 neo
495 993 677 1038 Sidonio
710 995 856 1038 mollis
888 1009 997 1038 aeno

383 1055 568 1112 repetita
599 1055 712 1098 bibit
743 1056 843 1099 lana
872 1055 1072 1112 rubores,

383 1129 462 1158 nee
494 1114 694 1159 Maeonia
726 1116 958 1173 distinguit
989 1131 1069 1160 aeu
1473 1129 1541 1161 665

386 1191 495 1232 quae
525 1175 740 1219 Phoebeis
773 1176 972 1219 subditus
1005 1177 1119 1220 euris

383 1237 493 1292 legit
522 1235 629 1279 Eois
663 1234 741 1279 Ser
772 1236 1012 1281 arboribus.

385 1296 604 1352 quaelibet
634 1295 794 1340 herbae
825 1297 993 1340 tinxere
1025 1298 1147 1341 eolus

385 1371 492 1412 quas
524 1357 724 1400 indoctae
756 1372 910 1400 nevere
943 1372 1116 1402 manus:

385 1417 458 1460 sed
488 1432 577 1460 non
610 1416 766 1460 dubios
798 1418 919 1461 fovet
950 1418 1026 1461 illa
1056 1420 1188 1462 toros.
1472 1430 1542 1463 670

386 1477 582 1533 sequitur
614 1477 708 1520 dira
738 1478 940 1534 lampade
971 1477 1132 1535 Erinys

385 1552 569 1593 quarum
602 1538 754 1594 populi
786 1539 958 1582 coluere
992 1539 1125 1595 diem,

384 1612 465 1640 nee
497 1598 581 1641 sibi
611 1598 718 1641 felix
750 1613 915 1655 pauper
945 1598 1132 1643 habetur

384 1658 470 1700 nisi
500 1657 650 1700 felices
683 1658 888 1702 cecidisse
919 1659 1048 1703 videt.

476 1716 681 1774 Quisquis
714 1718 904 1762 medium
938 1719 1108 1778 defugit
1140 1720 1222 1763 iter
1474 1732 1544 1763 675

387 1777 535 1821 stabili
564 1793 804 1834 numquam
835 1780 1010 1823 tramite
1042 1781 1194 1824 currit:

387 1837 489 1880 dum
521 1838 632 1894 petit
662 1853 798 1882 unum
830 1839 1036 1896 praebere
1067 1840 1181 1884 diem

387 1898 616 1955 patrioque
647 1913 755 1954 puer
787 1900 984 1944 constitit
1014 1916 1095 1944 axe

386 1972 467 2060 2¹33
494 1959 1132 2077 fflssffssssuffinssssffissessssffl'
1475 2032 1546 2065 020

266 2150 338 2182 650
357 2146 470 2184 choro
490 2151 520 2183 B
538 2149 551 2194 ΙΙ
569 2151 636 2183 651
655 2148 785 2185 mitior
800 2152 831 2184 A
849 2150 861 2195 η
881 2152 951 2185 653
972 2161 992 2186 e
1011 2162 1078 2187 om.
1100 2155 1130 2186 Β·
1149 2153 1189 2187 et
1206 2159 1245 2196 ψ
1263 2153 1276 2198 fl
1295 2155 1367 2188 654
1385 2151 1472 2198 ipsa
1485 2155 1516 2187 A
1534 2151 1547 2197 Η

172 2197 335 2231 656366
348 2206 416 2232 om.
428 2203 466 2240 ψ
481 2196 670 2243 (Vd.A9.)
691 2197 704 2242 11
723 2200 794 2233 664
806 2197 961 2234 rubores
975 2209 1020 2236 ex
1032 2199 1180 2236 ruboris
1194 2199 1242 2235 ΕΙ
1254 2199 1349 2249 11667
1364 2208 1465 2237 seres
1473 2199 1548 2237 A«)

170 2242 370 2279 arboribus
396 2254 456 2280 ser
479 2245 629 2290 311668
656 2243 762 2281 colus
786 2240 959 2282 eae'colos
984 2247 1032 2282 13¹
1057 2246 1159 2283 colos
1184 2251 1215 2283 A
1233 2249 1247 2295 ss
1271 2251 1438 2285 maen
1461 2249 1549 2286 huic

169 2291 248 2329 loco
277 2301 417 2337 parum
449 2296 556 2339 aptos
583 2297 667 2339 post
690 2304 722 2328 v.
744 2296 808 2328 613
835 2294 1005 2339 Richter,
1031 2300 1118 2341 post
1143 2299 1214 2331 636
1238 2296 1452 2334 inserendos
1474 2307 1549 2334 me

171 2338 382 2377 Koeoechau
406 2342 554 2387 θεωρία
582 2343 654 2376 676
679 2343 805 2377 curret
828 2345 859 2377 A
883 2343 895 2388 η
921 2345 991 2377 676
1015 2343 1237 2389 patriosque
1260 2354 1356 2390 puer
1381 2343 1550 2381 eoncitat

169 2397 260 2423 axes
286 2390 318 2423 A
336 2389 349 2435 ss
368 2391 439 2424 6¹1⁹
463 2388 650 2435 percurrit
674 2392 704 2424 A
723 2390 735 2435 Η
754 2392 825 2425 680
849 2389 926 2437 ign.
948 2392 1052 2426 secat
1077 2394 1108 2426 A
