1618 2554
176 117 235 162 84
609 112 651 148 L.
670 107 860 147 ANNAEI
886 105 1109 144 SENECAE

176 227 284 260 ΗΕΒ.
315 213 376 257 Το
408 216 522 256 sorte
553 212 693 268 prima
725 208 903 266 Scyrius
935 205 1105 250 iuvenis
1135 203 1251 248 tulit.

177 287 317 320 ANDR.
350 273 589 317 Cassandra
618 271 745 326 felix,
776 282 907 325 quam
938 266 1062 310 furor
1092 265 1202 310 sorti
1232 263 1388 307 eximit

175 336 475 391 Phoebusque.
496 344 603 377 ΗΕΒ.
614 331 785 389 Regum
798 328 911 372 hanc
923 327 1141 370 maximus
1153 327 1298 370 rector
1307 326 1442 368 tenet.
1461 334 1533 367 978

178 407 284 440 HEC.
315 395 513 450 Laetare,
545 392 702 451 gaude,
731 393 846 434 nata.
909 402 1040 445 quam
1071 386 1205 440 vellet
1234 387 1336 430 tuos
1462 394 1534 428 907

180 456 420 501 Cassandra
450 455 685 508 thalamos,
715 450 848 495 vellet
878 445 1184 493 Andromache
1213 448 1326 490 tuos.
1463 455 1534 488 968

179 522 300 562 estne
332 516 508 572 aliquis,
538 513 764 558 Hecubam
791 509 867 567 qui
897 523 1022 553 suam
1052 507 1139 552 ‹lici
1168 505 1307 550 velit?
1463 516 1534 549 979

178 589 286 621 HEL.
317 576 467 621 Ithaco
499 573 697 632 obtigisti
728 571 887 629 praeda
917 569 1086 614 nolenti
1117 568 1275 612 brevis.
1463 576 1536 610 980

179 650 285 682 HEC.
317 636 422 689 Quis
453 639 543 680 tam
574 635 791 691 impotens
822 645 873 675 ac
904 631 1037 674 durus
1069 632 1114 673 et
1144 628 1320 686 iniquae
1350 627 1469 672 ferus

98 730 103 736 -
181 699 361 743 sortitor
390 711 523 741 urnae
554 695 730 754 regibus
761 707 885 751 reges
917 690 1063 736 dedit?

181 761 399 816 quintam
435 758 607 801 sinister
637 754 791 798 dividit
822 754 970 810 captas
1003 750 1137 794 deus?

182 820 280 876 quis
311 818 474 863 arbiter
505 816 687 860 crudelis
720 818 763 859 et
793 813 962 857 miseris
992 811 1139 870 gravis

182 881 340 938 eligere
372 879 569 922 dominos
601 876 739 920 nescit
770 878 813 918 et
843 873 992 932 [saeva
1023 887 1157 915 manu
1466 880 1537 914 985

184 940 257 983 dat
288 941 436 996 iniqua
467 938 634 982 miseris
665 935 783 980 fata?
816 933 934 991 quis]
965 936 1149 977 matrem
1182 930 1386 976 Hectoris

184 1001 315 1044 armis
346 999 530 1043 Achillis
561 997 741 1041 miscet?
772 996 827 1039 ad
858 994 1022 1039 Vlixen
1052 1007 1203 1038 vocor:

184 1076 299 1104 1111110
331 1061 461 1115 victa,
492 1073 607 1102 1111110
639 1058 827 1114 captiva,
858 1069 974 1099 1111110
1005 1055 1174 1099 cunctis
1206 1052 1316 1097 mihi

185 1122 360 1165 obsessa
390 1121 539 1164 videor
569 1118 763 1162 cladibus
797 1143 852 1148 -——
886 1116 1051 1160 domini
1083 1115 1238 1172 pudet,

185 1197 274 1226 11011
305 1182 534 1225 servitutis.
596 1178 818 1236 [Hectoris
851 1177 1041 1234 spolium
1072 1177 1183 1220 feret
1470 1185 1541 1218 990

186 1243 262 1299 qui
293 1243 395 1285 tulit
419 1240 653 1297 Achillis?]
685 1239 843 1284 sterilis
875 1242 919 1282 et
951 1238 1089 1280 saevis
1121 1236 1244 1280 fretis

186 1304 353 1346 inclusa
383 1303 512 1346 tellus
543 1316 634 1344 non
664 1300 780 1356 capit
811 1299 1005 1342 tumulos
1036 1312 1158 1341 meos
1192 1322 1244 1328 -

188 1364 288 1418 duc,
320 1363 419 1420 duc,
450 1361 597 1418 Vlixe,
629 1362 692 1405 nil
723 1374 882 1415 moror,
914 1359 1139 1402 dominum
1172 1371 1347 1415 sequor3

188 1439 257 1467 me
289 1439 385 1466 mea
415 1425 650 1479 sequentur
679 1422 787 1464 fata:
819 1435 908 1464 non
939 1420 1096 1477 pelago
1129 1419 1252 1476 quies

188 1484 424 1540 tranquilla
455 1484 617 1538 veniet,
649 1482 809 1525 saeviet
841 1481 981 1525 ventis
1013 1495 1151 1536 mare,
1473 1488 1544 1525 995

343 1560 366 1584 *
655 1560 679 1583 ηε
968 1559 992 1581 *

191 1608 234 1648 et
266 1604 380 1648 bella
412 1607 454 1647 et
485 1604 607 1661 ignes
640 1606 683 1646 et
713 1617 809 1646 mea
841 1605 884 1646 et
913 1601 1077 1645 Priami
1108 1601 1235 1644 mala.

191 1665 379 1720 dumque
411 1665 495 1707 ista
525 1664 719 1720 veniant,
750 1664 922 1707 interim
954 1662 1040 1707 hoc
1071 1677 1238 1719 poenae
1269 1662 1368 1705 1000
1400 1662 1485 1705 est:

192 1728 352 1768 sortem
384 1725 609 1781 occupavi,
639 1724 880 1781 praemium
913 1723 1052 1780 eripui
1082 1723 1177 1766 tibi.
1203 1748 1263 1754 —

282 1784 367 1828 Sed.
399 1800 454 1828 en
478 1785 610 1827 citato
642 1784 835 1841 Pyrrhus
866 1784 1054 1828 accurrit
1086 1783 1222 1842 gradu

192 1845 403 1901 vultuque
433 1848 569 1888 torvo.
631 1844 814 1902 Pyrrhe,
847 1845 952 1902 quid
984 1844 1153 1888 cessas?
1185 1858 1266 1902 age
1454 1853 1550 1887 1000

191 1906 365 1949 reclude
396 1905 510 1948 ferro
543 1909 693 1961 pectus
725 1908 769 1949 et
799 1904 985 1950 Achillis
1016 1906 1082 1948 tui

194 1966 409 2023 coniunge
442 1980 622 2009 soceros.
685 1980 834 2023 perge,
866 1968 1080 2010 mactator
1111 1980 1283 2021 senum,

193 2061 244 2098 N.
265 2060 449 2097 Heinsius
467 2062 592 2106 p.156
613 2061 674 2105 (ef.
695 2073 726 2096 v.
742 2063 834 2106 987)
854 2062 867 2107 ΙΙ
886 2064 955 2096 977
977 2061 1078 2096 sorte
1100 2063 1131 2096 A
1149 2061 1161 2106 u
1181 2063 1252 2095 978
1272 2072 1355 2096 nnc.
1375 2057 1569 2095 Phoebus-

196 2120 271 2154 que
295 2112 324 2146 Ε
343 2109 357 2155 ss
375 2111 446 2143 979
471 2121 553 2144 nuc.
579 2111 610 2143 A
627 2109 641 2155 n
659 2112 726 2144 981
749 2110 884 2155 potens
910 2120 937 2145 τ
958 2111 964 2155 Ι
986 2108 1092 2145 dirus
1118 2109 1270 2146 Richter
1293 2108 1406 2156 symb.
1427 2118 1463 2154 p.
1483 2110 1534 2144 19
1557 2105 1570 2156 {l

194 2160 265 2193 985
279 2168 331 2201 sq.
353 2166 466 2193 saeva.
479 2176 524 2183 —-
539 2156 624 2202 quis
644 2157 711 2193 del.
733 2158 868 2203 Peiper
885 2159 898 2204 ΙΙ
915 2160 987 2193 990
1001 2168 1054 2201 sq.
1073 2154 1478 2193 Hectoris-Achillis
1498 2155 1567 2193 dez.

194 2205 271 2242 Leo
289 2206 303 2252 [Ι
330 2208 403 2240 992
427 2216 519 2240 num
545 2205 650 2250 capit
673 2217 701 2241 τ
724 2207 736 2252 {l
761 2208 951 2241 094--998
972 2209 1059 2251 post
1083 2208 1173 2241 1008
1200 2210 1343 2252 transf».
1369 2204 1535 2253 Scaliger
1558 2204 1572 2250 ss

195 2257 265 2290 995
291 2252 428 2290 ueniat*
444 2252 591 2289 saeuiat
610 2256 640 2288 A
661 2254 667 2299 Ι
686 2257 770 2299 post
794 2257 863 2289 995
889 2253 963 2290 tale
984 2254 1076 2300 quid
1094 2253 1323 2291 intercidisse
1341 2257 1457 2300 putat
1475 2252 1572 2289 Leo.-

195 2301 393 2348 sociosque
431 2302 597 2348 merget,
635 2301 795 2337 obruent
829 2302 1006 2339 reducem
1037 2312 1189 2348 quoque
1218 2302 1231 2349 Η
1262 2305 1334 2338 999
1370 2300 1473 2348 ignis
1504 2303 1536 2337 A
1558 2300 1562 2326 ¹

197 2354 266 2386 997
292 2349 450 2406 uenient
474 2352 505 2404 A
533 2348 696 2405 ueniunt
720 2353 749 2385 E
773 2360 864 2387 corr.
889 2358 926 2395 ψ
947 2351 953 2396 1
975 2350 1070 2386 haec
1095 2361 1220 2397 poena
1245 2349 1286 2386 in
1309 2349 1394 2387 1000
1420 2351 1480 2387 est
1503 2350 1535 2385 A
1558 2300 1572 2398 11

195 2402 267 2434 998
288 2400 430 2446 enpmt
449 2397 544 2434 mihi
556 2397 612 2447 ΔΗ
625 2401 695 2433 999
715 2398 782 2434 9011
800 2398 961 2436 incitato
975 2410 1013 2436 ω
1033 2410 1125 2436 corr.
1142 2398 1300 2447 Peiperu
1313 2401 1404 2435 1000
1423 2397 1529 2446 pyrri
1542 2401 1571 2434 E
