1618 2554
199 108 288 152 286
638 108 679 145 L.
699 107 891 145 ANNAEI
915 107 1139 145 SENECAE

414 210 583 251 mutato
614 206 795 265 pelagus
826 207 1020 251 nomine:
1050 207 1198 251 notior

414 267 537 311 nulla
566 270 634 311 est
662 266 798 311 Ioniis
827 267 977 311 fabula
1006 267 1203 312 navibus.

416 330 623 385 exceptus
654 327 800 386 gladio
832 328 1039 385 parvulus
1070 328 1209 385 impio

415 387 518 432 dum
551 389 687 432 cun-it
715 389 905 446 patrium
935 391 1064 432 natus
1095 388 1151 432 ad
1181 389 1399 446 osculum,
1501 399 1572 434 146

416 450 649 494 immatura
677 449 788 494 focis
818 449 996 493 victima
1026 447 1218 493 concidit

415 509 665 567 divisusque
695 512 773 554 tua
803 513 887 566 est,
916 508 1118 566 Tantale,
1147 509 1343 566 dextera,

414 585 584 614 mensas
616 572 667 614 ut
696 573 883 614 strueres
912 569 1162 627 hospitibus
1193 570 1296 615 deis.

413 630 494 674 hos
526 633 700 675 aeterna
728 630 866 675 fames
897 631 1173 688 persequitur
1203 631 1343 688 cibos,

412 690 495 735 hos
526 694 701 735 aeterna
730 691 847 749 sitis3
878 705 958 738 nec
989 691 1176 749 dapibus
1204 691 1309 735 feris
1414 724 1417 727 ,
1500 702 1571 736 150

414 751 585 795 decerni
615 752 762 809 potuit
790 766 934 809 poena
962 752 1194 796 decentior.

504 810 602 856 Stat
631 813 771 856 lassus
802 826 940 856 vacuo
972 815 1149 872 gutture
1174 811 1402 858 Tantalus:

411 871 633 929 impendet
664 873 798 930 capiti
828 873 1018 931 plurima
1046 873 1181 918 noxio

410 932 587 976 Phineis
619 934 772 977 avibus
801 933 964 991 praeda
992 934 1209 992 fugaci0r3

411 992 515 1037 hinc
545 993 667 1038 illinc
697 994 888 1052 gravidis
919 994 1149 1038 frondibus
1181 994 1361 1038 incubat
1501 1004 1571 1038 155

412 1055 457 1097 et
486 1057 665 1098 curvata
695 1055 785 1099 suis
815 1055 979 1099 fetibus
1010 1068 1061 1098 ac
1091 1057 1281 1099 tremens

411 1113 567 1158 alludit
595 1115 758 1173 patulis
789 1114 920 1159 arbor
949 1115 1154 1160 hiatibus.

410 1173 534 1231 haec,
565 1177 765 1232 quamvis
796 1176 949 1220 avidus
979 1191 1060 1221 nec
1090 1176 1260 1234 patiens
1291 1190 1458 1233 morae,

412 1233 616 1292 deceptus
646 1236 806 1280 totiens
837 1239 1017 1295 tangere
1047 1237 1244 1296 neglegit

411 1295 694 1353 obliquatque
726 1298 877 1341 oculos
908 1311 1070 1354 oraque
1101 1297 1354 1355 comprimit
1500 1307 1571 1341 160

409 1356 676 1413 inclusisque
705 1357 867 1402 famem
899 1357 1102 1402 dentibus
1133 1358 1298 1416 alligat.

410 1415 486 1459 sed
515 1419 621 1460 tunc
652 1417 826 1463 divitias
859 1432 987 1462 omne
1017 1433 1172 1462 nemus
1204 1433 1304 1462 suas

410 1476 602 1522 demittit
629 1480 810 1535 propius
841 1493 1059 1536 pomaque
1090 1479 1275 1537 desuper

410 1537 624 1581 insultant
654 1538 773 1583 foliis
804 1540 930 1583 mitia
959 1539 1181 1598 languidis

410 1598 736 1657 accenduntque
766 1599 944 1657 famem,
977 1614 1089 1657 quae
1119 1599 1242 1644 iubet
1272 1600 1418 1643 irritas
1500 1609 1570 1643 165

410 1671 607 1703 exercere
637 1674 792 1704 manus
817 1685 877 1692 —
900 1659 981 1704 has
1011 1659 1091 1704 'ubi
1121 1660 1308 1718 protulit

410 1721 454 1762 et
483 1718 579 1763 fani
609 1720 759 1777 libuit,
788 1723 910 1764 totus
941 1721 988 1764 in
1018 1721 1202 1765 arduum

409 1781 644 1824 autumnus
674 1781 844 1838 rapitur
873 1781 1069 1838 silvaque
1100 1781 1290 1826 mobilis.

409 1839 544 1884 instat
574 1839 727 1884 deinde
756 1841 854 1885 sitis
884 1856 975 1886 non
1003 1842 1143 1886 levior
1172 1842 1307 1899 fam03

410 1913 497 1956 qua
527 1914 626 1944 cum
657 1902 872 1958 percaluit
901 1903 1079 1961 sanguis
1111 1905 1155 1946 et
1186 1901 1326 1961 igneis
1500 1906 1572 1946 170

410 1961 572 2004 exarsit
600 1961 789 2018 facibus,
820 1965 908 2006 stat
937 1964 1070 2007 miser
1100 1963 1255 2007 obvios

409 2018 568 2064 fluctus
601 2035 674 2066 ore
705 2025 876 2078 petens,
907 2037 1019 2079 quos
1048 2023 1263 2082 profugus
1294 2023 1412 2067 latex

410 2082 567 2124 avertit
598 2082 737 2125 sterili
767 2082 972 2127 deficiens
1003 2083 1115 2127 vado
1210 2092 1213 2094 ’

288 2200 353 2233 147
380 2197 514 2235 dextra
539 2203 568 2235 E
610 2202 624 2248 u
665 2203 731 2236 148
756 2211 907 2237 mensas
938 2201 1145 2238 instrueres
1172 2205 1201 2238 B
1244 2203 1258 2249 u
1300 2205 1367 2238 149
1398 2212 1466 2243 om
1493 2209 1532 2246 ψ
1556 2202 1570 2248 fl

191 2247 260 2281 1⁵8
284 2246 364 2283 stat
386 2245 493 2284 lusus
511 2249 574 2295 Au
592 2251 657 2283 158
684 2249 723 2285 et
746 2248 889 2296 pendet
907 2253 939 2285 A
1012 2252 1079 2286 154
1104 2249 1331 2306 dapibustp
1359 2249 1427 2296 (.N
1447 2248 1570 2287 Hein-

190 2294 272 2331 sius
291 2305 330 2341 p.
351 2296 417 2342 37)
436 2296 532 2343 11155
558 2249 795 2343 gri-auibuspe
766 2301 796 2333 B
814 2299 828 2345 η
846 2300 907 2333 161
931 2251 1056 2334 11111818
1080 2299 1137 2336 vel
1160 2298 1352 2336 inclusam
1359 2253 1426 2335 (N.
1448 2297 1570 2335 Hein-

191 2342 271 2380 sius
289 2354 356 2390 pp.
377 2345 438 2381 38.
465 2346 540 2382 536
576 2346 589 2392 ΙΙ
625 2348 692 2381 184
716 2345 880 2382 insultat
903 2349 932 2382 Ε
968 2348 982 2393 ΙΙ
1018 2349 1080 2382 171
1104 2346 1242 2384 misero
1266 2346 1363 2384 buos
1386 2350 1417 2383 B
1443 2345 1570 2395 (obvio

193 2390 366 2439 Bentley)
383 2393 398 2439 u
415 2396 483 2430 1⁷8
508 2404 571 2430 ore
595 2404 738 2430 uocans
763 2396 814 2429 A
