1618 2554
643 125 923 162 PRAEFATIO
1402 124 1472 162 XV

98 246 136 284 p.
164 231 190 272 8
205 243 290 282 sqq.
322 228 588 281 comprobavi.
647 227 834 269 Ceterum
865 241 912 268 ea
945 229 1157 278 sententia,
1186 240 1310 278 quam
1341 229 1470 268 veteri

99 292 274 333 editione
306 291 570 342 expressimus
597 285 655 343 (p.
675 288 714 328 V
735 291 757 329 1
774 283 847 343 ff.),
873 288 1186 340 chirographum
1215 290 1361 339 poetae
1391 302 1471 328 non

98 351 329 405 praebuisse
358 353 515 390 textum
546 350 730 390 omnibus
762 350 937 389 numeris
968 348 1226 401 perpolitum,
1258 349 1327 389 sed
1358 351 1472 389 varia

98 413 268 453 lectione
307 411 374 452 vel
411 411 688 463 dittographia
725 410 906 463 plenam,
945 422 1188 461 quamquam
1226 410 1397 449 nimium
1435 412 1473 450 ei

99 473 198 514 olim
228 471 457 522 tribuimus,
480 472 618 511 tamen
648 483 699 510 ne
729 470 849 510 hodie
880 465 1043 521 quidem
1066 482 1230 521 prorsus
1263 470 1473 510 abicienda

99 535 170 574 est.
224 530 351 573 Velut
379 531 542 571 Medeae
573 537 710 572 versus
738 531 976 571 516—520
1006 532 1087 582 ipsi
1117 529 1244 571 Leoni
1276 530 1472 583 dittogra-

98 594 197 645 phia
232 593 438 642 videntur,
468 593 512 631 in
551 591 723 631 Hercule
766 590 915 631 Oetaeo
955 593 1064 631 totas
1106 603 1269 630 scaenas
1313 591 1473 632 diversa

98 655 230 694 forma
259 653 505 704 consilioque
534 653 775 703 compositas
808 653 944 694 extare
976 664 1132 692 summa
1165 664 1256 691 cum
1284 652 1472 703 probabi-

98 715 229 755 litatis
255 715 391 765 specie
422 712 649 753 Mnnzmzus
681 714 984 764 argumentatus
1017 706 1131 767 est.*)

189 773 278 821 Qua
315 786 409 814 vero
446 774 602 813 ratione
641 775 682 812 et
717 772 1005 813 moderationis
1038 773 1126 825 lege
1159 772 1387 813 adhibenda
1419 774 1474 813 sit

99 835 347 887 interpolata
383 833 522 884 lecti0,
559 834 670 873 hisce
705 833 837 873 verbis
875 832 964 873 loco
1001 833 1127 873 allato
1164 846 1203 884 p.
1226 835 1278 874 11
1296 845 1352 885 sq.
1385 835 1472 886 ipse

101 895 413 946 circumscripsit
440 890 661 934 ‘Consensu
681 895 789 935 inter
806 894 843 933 A
859 896 900 933 et
917 892 954 932 R
973 895 1188 945 conspicuo
1209 888 1277 949 (cf.
1298 908 1336 944 p.
1354 896 1377 933 9
1394 889 1470 947 sq.)

99 969 293 1009 magnum
324 967 420 996 sane
449 956 619 1007 paratur
642 953 892 1005 praesidium
917 955 1153 994 auctoritati
1177 955 1324 995 veteris
1347 956 1474 997 inter-

100 1016 307 1070 polatoris.
372 1015 494 1055 Cuius
537 1015 869 1066 interpolationes
907 1017 955 1054 ut
991 1015 1230 1066 simpliciter
1272 1016 1368 1055 sunt
1409 1028 1474 1055 ex·

99 1076 322 1128 pellendae,
348 1076 406 1115 sic
432 1077 586 1115 ceterae
611 1076 699 1115 eius
723 1075 929 1125 lectiones,
953 1074 1194 1127 ubicumque
1221 1076 1270 1115 ab
1295 1075 1329 1115 E
1350 1076 1474 1117 disce-

103 1137 216 1186 dunt,
242 1136 293 1176 ad
317 1137 472 1176 textum
497 1135 821 1176 constituendum
853 1134 1067 1187 diligenter
1092 1138 1188 1176 sunt
1214 1135 1472 1176 adhibendae.

101 1197 209 1237 Nam
240 1196 348 1248 quod
385 1196 442 1236 eis
474 1196 572 1236 locis
604 1196 654 1235 de
691 1196 836 1247 quibus
868 1195 1162 1247 disputavimus
1199 1197 1353 1236 factum
1390 1209 1474 1237 esse

104 1258 302 1298 evincitur
331 1257 519 1307 rescripti
549 1255 697 1296 codicis
727 1257 974 1307 testimonio,
1003 1258 1152 1297 rectius
1183 1257 1337 1298 scilicet
1365 1257 1476 1297 haud

100 1330 232 1370 pauca.
255 1317 588 1368 interpolatorem
615 1316 759 1369 legisse
791 1318 833 1357 et
862 1318 905 1356 in
937 1329 1055 1357 suum
1086 1317 1235 1359 librum
1266 1319 1475 1358 transscri-

101 1379 247 1431 psisse,
289 1390 409 1429 quam
451 1389 542 1417 eum
584 1379 655 1429 qui
699 1376 874 1419 codicem
917 1376 950 1417 E
993 1378 1058 1418 vel
1099 1379 1184 1418 eius
1228 1378 1475 1431 archetypon

105 1438 271 1490 aliquod
303 1439 498 1487 exaravit,
528 1437 636 1477 idem
668 1438 760 1478 aliis
791 1437 902 1486 locis,
939 1438 1009 1477 ubi
1040 1437 1118 1478 tali
1146 1439 1378 1479 testimonio
1410 1439 1475 1479 de-

103 1499 242 1538 stituti
290 1510 448 1551 sumus,
501 1497 590 1538 fieri
638 1499 838 1549 potuisse,
865 1509 937 1538 eur
983 1499 1210 1550 praefracte
1258 1498 1476 1552 negemus?

105 1560 360 1610 Quamquam
395 1558 539 1609 fateor,
570 1560 611 1598 et
640 1561 684 1598 in
720 1559 795 1599 hoc
831 1557 958 1600 Leoni
997 1560 1205 1609 assentior,
1241 1561 1286 1602 in
1316 1559 1477 1612 vulgari

103 1621 274 1659 lectione
314 1617 540 1658 adhibenda
577 1631 733 1659 summa
770 1619 956 1659 cautione
995 1632 1094 1672 opus
1133 1632 1229 1669 esse,
1266 1633 1316 1659 ne
1352 1622 1476 1659 inter-

103 1680 300 1732 polatoris
343 1678 514 1719 artificio
560 1681 601 1719 et
644 1679 825 1719 sollertia
863 1679 1087 1730 decipiaris.
1148 1680 1281 1721 Multa
1324 1681 1479 1720 scilicet

105 1741 239 1780 nitent
270 1742 311 1779 et
340 1740 471 1791 primo
503 1739 648 1780 obtutu
679 1740 872 1779 Etruscae
906 1740 1072 1780 lectioni
1101 1742 1308 1791 praestare
1339 1741 1476 1781 viden—

104 1803 184 1850 tur,
211 1812 313 1851 quae
340 1801 564 1839 accuratius
588 1813 675 1840 rem
700 1801 946 1840 examinanti
972 1800 1201 1848 damnanda
1226 1803 1330 1842 sunt.
1370 1801 1479 1841 Nam

105 1860 373 1912 interpolatae
397 1861 639 1900 recensionis
658 1860 885 1900 differentia
904 1873 1150 1912 quamquam
1175 1862 1294 1902 hodie
1319 1875 1477 1913 quoque

107 1920 246 1960 dubito
284 1934 336 1961 an
374 1921 431 1960 eis
469 1921 593 1960 etiam
630 1921 740 1971 locis,
777 1920 847 1960 ubi
877 1922 988 1960 totae
1019 1919 1241 1963 sententiae
1274 1922 1392 1962 aliter
1421 1922 1476 1962 le-

108 1982 258 2033 guntur
287 1992 416 2031 neque
448 1982 583 2020 tamen
614 1982 701 2021 ulla
729 1982 911 2021 mutatae
943 1982 1125 2027 consulto
1156 1981 1340 2022 lectionis
1371 1984 1476 2022 ratio

107 2042 281 2092 perspici
323 2042 469 2092 possit,
505 2054 587 2080 non
625 2041 677 2080 ad
718 2041 1034 2093 dittographiam
1074 2043 1210 2093 potius
1252 2044 1477 2094 antiquitus

107 2101 301 2141 traditam
338 2114 460 2152 quam
499 2101 548 2141 ad
588 2114 741 2142 meram
777 2103 1078 2154 interpolatoris
1114 2102 1324 2143 libidinem
1363 2117 1477 2143 revo-

110 2161 236 2201 canda
264 2163 329 2211 sit,
365 2163 502 2201 tamen
527 2162 602 2201 hoc
628 2163 671 2201 in
703 2162 816 2202 nulla
846 2164 1029 2204 versatur
1060 2163 1345 2214 controversia,
1377 2166 1477 2214 quin

109 2223 240 2261 totum
270 2221 569 2274 tragoediarum
601 2234 743 2274 corpus
781 2236 826 2262 eo
860 2223 1026 2265 consilio
1065 2222 1113 2263 ab
1153 2225 1314 2264 auctore
1345 2237 1476 2263 recen-

207 2360 240 2401 *)
262 2360 319 2396 De
337 2360 499 2396 Hercule
519 2361 662 2397 Oetaeo
681 2362 901 2398 Annaeana.
940 2361 1200 2409 Abhandlung
1225 2375 1307 2398 zum
1327 2363 1349 2397 J
1352 2362 1476 2398 abres-

110 2408 259 2444 bericht
291 2408 357 2444 des
388 2409 745 2456 Rcalgymnasiums
776 2422 847 2445 von
883 2410 921 2446 P.
950 2410 1099 2446 Melzer.
1151 2410 1345 2446 Chcmnitz
1374 2415 1476 2447 1890.
