1618 2554
143 138 229 180 112
580 130 833 170 L.ANNAE1
858 124 1089 167 SENECAE

141 251 252 292 quae
285 234 444 291 corripi
476 234 595 291 igne,
628 247 737 288 quae
770 231 874 274 meti
907 230 1053 288 gladio
1086 229 1209 273 iubes

140 297 284 340 aliena
315 295 464 338 credis.
526 308 603 336 rex
634 293 691 336 sit
723 307 775 335 ex
808 291 932 334 vobis
965 295 1074 344 uter,

141 359 343 401 manente
375 370 509 412 regno
544 354 748 410 quaerite.
811 351 917 395 haee
950 351 1048 398 telis
1082 351 1194 408 petis
1449 361 1518 393 565

141 417 414 472 flammisque
423 391 589 458 Dtecta?
621 414 784 470 poteris
817 413 895 456 has
927 410 1191 469 Amphionis

143 492 345 534 quassare
377 476 543 519 moles?
575 475 697 518 nulla
729 489 835 530 quas
868 474 1027 516 struxit
1060 487 1215 516 manus

142 538 351 582 stridente
383 536 554 580 tardum
586 534 788 579 maehina
819 535 979 577 ducens
1012 548 1141 589 onus,

143 600 218 642 sed
249 600 511 642 convocatus
542 596 660 639 vocis
693 597 736 639 et
768 594 958 638 citharae
990 609 1098 638 sono

86 686 92 692 —
143 674 221 715 per
251 674 296 703 se
327 659 420 714 ipse
452 671 643 700 summas
675 657 795 699 vonit
825 656 872 699 in
903 658 1044 698 turres
1076 655 1206 712 lapis:
1449 664 1520 698 570

142 720 249 762 haee
279 734 383 762 saxa
413 717 617 775 franges?
648 717 788 760 vietor
818 715 921 759 hinc
953 716 1095 773 spolia
1126 716 1294 760 auferes

144 781 398 836 vinctosque
430 778 560 822 duces
592 778 729 834 patris
760 778 962 834 aequales
994 777 1077 833 tui,

143 843 389 896 matresque
421 839 475 882 ab
507 839 603 895 ipso
636 838 871 896 coniugum
903 841 1050 894 raptas
1083 838 1181 887 sinu

145 916 298 944 saevus
331 902 482 951 eatena
512 899 638 943 miles
669 898 874 956 imposita
907 898 1077 942 trahet?

145 962 294 1004 adulta
324 961 467 1019 virgo,
498 960 636 1003 mixta
667 960 839 1016 captivo
874 960 1017 1017 gregi,
1450 967 1520 1001 575

144 1022 351 1065 Thebana
380 1020 560 1065 nuribus
592 1036 750 1064 munus
782 1019 1001 1078 Argolicis
1033 1020 1133 1063 eat?

144 1098 201 1126 an
232 1085 275 1126 et
306 1082 419 1139 ipsa,
450 1082 616 1138 palmas
647 1082 793 1125 vincta
823 1083 1077 1139 postergum
1111 1080 1254 1135 datas,

145 1146 284 1186 mater
313 1141 526 1199 triumphi
556 1141 717 1199 praeda
745 1141 927 1185 fraterni
958 1141 1120 1185 vehar?

145 1206 325 1260 potesne
357 1203 472 1246 cives
503 1203 590 1247 leto
624 1205 667 1246 et
699 1203 830 1246 exilio
864 1202 987 1246 datos

145 1263 289 1308 videre
320 1263 511 1321 passim?
543 1263 771 1307 moenibus
803 1261 914 1306 caris
946 1265 1071 1320 potes
1451 1271 1522 1306 580

124 1324 315 1367 -hostem
348 1324 593 1380 admovere,
625 1324 837 1382 sanguine
869 1326 912 1366 et
942 1324 1120 1367 flamma
1150 1325 1278 1380 potes

80 1399 83 1401 ·
146 1384 327 1441 implere
358 1383 558 1428 Thebas?
591 1387 681 1428 tam
713 1385 829 1428 ferus
862 1385 1017 1428 durum
1051 1384 1166 1452 geris

146 1459 408 1501 saevumque
439 1446 486 1489 111
516 1445 601 1488 iras
633 1445 816 1501 peetus?
850 1448 893 1488 et
923 1445 1115 1488 nondum
1151 1445 1349 1502 imperas.

148 1506 252 1562 quid
283 1509 453 1562 sceptra
482 1505 672 1549 facient?
703 1521 817 1562 pone
848 1521 1076 1561 meseum,
1108 1520 1273 1562 preeor,

146 1566 282 1610 animi
312 1568 504 1609 tumores
536 1568 664 1622 teque
696 1566 849 1622 pietati
879 1566 1002 1610 refer.
1450 1574 1522 1609 585

147 1636 254 1669 POL.
286 1625 350 1669 Vt
378 1625 590 1684 profugus
623 1628 790 1671 errem?
823 1642 993 1684 semper
1024 1630 1074 1669 ut
1105 1627 1247 1684 patria
1278 1641 1426 1670 arcear

148 1701 363 1744 opemque
394 1687 535 1743 gentis
566 1687 726 1744 hospes
758 1690 959 1731 externae
991 1687 1176 1744 sequar?

149 1746 255 1803 quid
286 1750 457 1803 paterer
488 1747 624 1803 aliud,
655 1748 692 1791 si
723 1748 974 1792 fefellissem
1007 1749 1168 1792 fidem?

147 1808 186 1851 si
217 1808 504 1864 peierassem‘?
535 1808 699 1852 fraudis
732 1809 896 1852 alienae
928 1808 1040 1852 dabo

148 1882 329 1924 poenas,
358 1870 405 1911 at
436 1868 508 1911 ille
540 1869 782 1924 praemium
813 1870 1023 1914 scelerum
1056 1870 1195 1913 feret?
1452 1877 1523 1911 590

149 1928 272 1972 iubes
304 1928 439 1971 abire:
470 1930 620 1972 matris
653 1930 836 1986 imperio
870 1928 1089 1986 obsequor
1121 1955 1175 1961 —-

148 1990 203 2031 da
235 2004 322 2045 quo
354 1991 554 2032 revertar.
616 1991 737 2048 regia
767 1990 901 2034 frater
932 2006 1054 2034 meus

171 2155 177 2161 .
246 2134 318 2167 584
342 2142 364 2168 e
388 2131 471 2167 vob.
498 2134 528 2166 A
547 2134 559 2178 ῃ
579 2135 647 2167 585
673 2134 780 2179 petes
806 2136 837 2168 A
862 2133 976 2179 (petis
1002 2136 1042 2179 τ)
1067 2135 1080 2180 ss
1105 2136 1176 2169 570
1200 2134 1324 2170 turres
1348 2131 1458 2168 uenit
1482 2131 1524 2167 in

147 2191 316 2218 summas
342 2183 372 2215 A
415 2182 427 2227 ΙΙ
472 2182 536 2215 5Ὶ1
558 2185 643 2226 post
671 2181 792 2217 vietor
823 2181 1023 2228 distinquit
1046 2185 1077 2216 A
1115 2183 1129 2228 ss
1173 2185 1243 2218 572
1268 2181 1469 2227 uictosque
1494 2183 1526 2215 A

148 2228 313 2274 (uinctos
326 2230 366 2273 τ)
385 2229 398 2275 [Ι
418 2231 486 2264 573
508 2228 661 2274 abipso
672 2230 814 2265 matres
828 2232 859 2264 A
873 2231 1028 2275 (matres
1049 2229 1123 2265 ab
1111 2242 1135 2266 1.
1151 2231 1196 2276 α)
1214 2231 1228 2276 ΙΙ
1247 2233 1318 2266 574
1330 2193 1527 2286 tradetBu

150 2279 220 2312 575
246 2278 290 2313 ut
314 2276 447 2314 adulta
473 2279 503 2311 A
539 2278 551 2323 ss
590 2280 658 2313 577
683 2279 772 2324 post
795 2279 946 2324 tergum
971 2280 1002 2313 A
1038 2279 1051 2325 11
1088 2281 1158 2313 579
1183 2278 1262 2315 leto
1288 2279 1327 2315 et
1351 2277 1525 2315 exitioB

148 2325 248 2362 letus
280 2325 396 2361 exitio
429 2328 459 2360 A
489 2336 582 2362 corr
613 2325 653 2363 0.
681 2325 868 2370 Rossbach
909 2328 922 2372 ss
966 2329 1037 2364 582
1068 2325 1190 2363 ferum
1223 2328 1262 2363 et
1293 2325 1431 2364 durum
1458 2328 1489 2361 A
1512 2325 1526 2374 ΙΙ

150 2377 222 2410 586
240 2377 322 2420 post
334 2384 483 2420 semper
495 2373 577 2411 diet.
593 2376 624 2408 A
641 2369 654 2421 ΙΙ
674 2376 755 2409 590.
769 2377 834 2409 591
847 2375 991 2411 inverso
1004 2374 1135 2411 ordine
1147 2379 1176 2410 E
1195 2377 1208 2422 u
1228 2378 1419 2411 soa—595
1432 2378 1526 2411 recte

149 2422 325 2460 distinxit
350 2423 407 2459 M.
430 2422 586 2460 Mu'ller
596 2423 848 2469 1011112651]
868 2425 939 2458 5⁹2
964 2433 1049 2459 mea
1075 2427 1106 2458 A
