1618 2554
655 113 934 150 PRAEFATIO
1379 115 1486 152 XVII

107 217 150 257 et
179 215 299 254 nihili
329 215 451 266 pendi
481 215 542 255 fas
575 218 679 256 esset
703 216 1004 268 interpolatoris
1035 218 1238 258 lectiones.
1283 216 1362 258 Sed
1387 231 1486 270 quo·

107 278 219 317 niam
255 277 409 315 certlun
449 277 527 326 est,
563 289 643 316 non
680 290 810 328 pauca
847 278 980 317 verius
1019 277 1068 316 ab
1107 291 1153 318 eo
1185 290 1269 318 esse
1301 292 1348 318 ex
1378 291 1485 319 oom-

107 338 220 377 muni
244 337 355 376 fonte
385 335 544 376 reddita
569 350 692 388 quam
722 337 765 376 in
797 337 927 377 altera
951 339 1180 378 recensione
1212 341 1363 389 extant,
1388 352 1485 378 eun-

108 398 277 448 demque
303 398 473 447 constat,
499 394 575 437 etsi
600 410 902 449 nonnumquam
927 400 1104 439 veterem
1128 399 1342 439 lectionem
1368 401 1485 440 tanta

108 458 303 498 violentia
333 458 624 508 immutaverit,
656 460 702 497 ut
733 471 783 498 ne
815 459 949 498 volam
981 459 1141 511 quidem
1184 473 1229 499 99
1265 461 1485 513 vestigium

106 520 193 558 eius
223 518 481 569 relinqueret,
507 519 590 558 alia
620 520 798 559 mutasse
829 518 1004 570 quidem,
1030 519 1100 559 sed
1129 522 1189 561 ita
1220 522 1411 572 mutasse,
1435 522 1486 561 ut

108 578 206 630 quid
242 580 286 619 in
323 579 542 630 archetypo
580 578 741 631 legerit,
778 580 965 632 cognosci
1004 581 1129 620 etiam
1164 582 1313 632 possit,
1352 581 1484 622 multa

107 639 279 691 denique
309 640 466 678 intacta
497 639 725 690 reliquisse:
764 639 811 679 de
843 640 1072 680 adhibenda
1110 641 1270 694 vulgari
1308 641 1483 682 lectione

107 701 164 740 sic
196 699 382 753 equidem
413 701 563 750 statuo,
595 702 640 739 ut
671 704 912 752 unoquoque
944 701 1044 751 loco,
1070 701 1140 741 ubi
1171 715 1253 741 non
1284 704 1395 742 certa
1419 715 1483 742 ra·

106 761 216 800 tione
249 760 297 800 de
329 757 642 812 interpolatione
675 762 914 812 constiterit,
947 762 1157 814 archetypi
1188 764 1408 815 imaginem
1435 776 1483 802 ex

104 822 315 872 utriusque
347 822 589 861 recensionis
621 821 793 862 lectione
828 822 977 863 collata
1007 821 1265 862 reficiendam
1295 835 1393 874 esse,
1425 825 1482 865 eis

105 883 243 922 autem
273 880 384 931 locis,
412 881 479 920 ubi
504 882 604 921 levis
631 884 739 922 extet
763 882 947 922 lectionis
972 882 1201 923 differentia
1226 885 1268 923 et
1291 885 1352 924 ita
1376 897 1482 925 com-

104 944 263 994 parata,
293 944 341 980 ut
371 944 543 993 utraque
576 945 616 982 et
647 944 775 983 metro
808 945 850 983 et
874 944 1098 983 sententiae
1125 945 1339 984 convenire
1371 944 1482 985 vide-

107 1004 210 1053 atur,
242 1015 331 1042 eam
362 1015 545 1042 censeam
574 1015 658 1042 esse
689 1004 1006 1054 praeferendam,
1032 1017 1135 1054 quae
1161 1004 1303 1045 subtili
1333 1006 1481 1046 exami-

104 1064 270 1102 natione
301 1064 434 1102 verior
465 1065 506 1102 et
537 1064 626 1114 ipso
656 1065 778 1115 poeta
810 1063 971 1116 dignior
1002 1065 1271 1105 existimanda
1301 1061 1383 1105 sit.'
1434 1065 1482 1107 Id

105 1122 216 1174 quod
247 1123 440 1174 exemplis
471 1124 544 1163 illo
575 1124 662 1164 loco
693 1125 912 1175 propositis
944 1125 1159 1165 illustravi.
1191 1147 1251 1152 —

196 1183 244 1222 In
275 1183 508 1223 adornanda
535 1183 795 1225 adnotatione
821 1186 961 1224 critica
993 1185 1124 1237 legem.
1155 1187 1269 1225 tenui
1294 1199 1319 1226 9
1343 1185 1478 1226 Leone

105 1243 377 1295 observatam,
409 1257 531 1294 quam
562 1246 618 1284 sic
657 1247 853 1296 expressit
883 1241 945 1300 (H
968 1247 1095 1298 praef.
1121 1260 1159 1298 p.
1185 1241 1305 1301 Vm:
1337 1243 1480 1298 ‘quae-

105 1316 274 1355 cumque
311 1305 354 1343 in
392 1305 605 1344 verborum
643 1307 831 1346 contextu
873 1306 1136 1346 adnotatione
1180 1320 1262 1347 non
1301 1307 1481 1348 subiecta

104 1365 295 1417 leguntur
330 1365 514 1405 codicum
552 1378 747 1406 consensu
785 1366 937 1406 tradita
978 1368 1091 1417 sunt,
1135 1367 1281 1419 quibus
1318 1369 1481 1407 tantum

104 1426 177 1464 aut
207 1424 370 1466 Etrusci
402 1427 472 1465 aut
502 1426 805 1478 interpolatoris
836 1427 1038 1478 scriptura.
1070 1427 1211 1467 addita
1241 1430 1321 1479 est,
1351 1428 1479 1469 altero

103 1487 207 1526 teste
239 1482 460 1526 nituntur'.
524 1485 866 1539 Orthographiam
904 1487 1051 1528 codicis
1089 1488 1253 1528 Etrusci
1290 1490 1334 1528 in
1366 1491 1479 1530 textu

103 1546 384 1587 constituendo
416 1546 655 1587 servandam
686 1547 794 1598 duxi,
820 1547 890 1587 ubi
918 1561 1006 1588 eam
1032 1562 1124 1588 cum
1151 1550 1242 1589 aevi
1267 1548 1480 1590 Annaeani

103 1619 214 1646 more
245 1608 470 1647 consentire
502 1607 567 1647 vel
598 1609 752 1648 certum.
782 1609 849 1649 vel
878 1608 1088 1659 probabile
1120 1609 1345 1650 videbatur.
1406 1608 1480 1652 Ce-

102 1668 238 1706 terum
275 1668 526 1707 constantiae
563 1668 773 1708 cuiusdam
816 1670 858 1709 et
895 1669 1200 1721 aequabilitatis
1243 1671 1416 1720 speciem
1453 1683 1480 1711 9

103 1727 280 1767 cuiusvis
312 1729 404 1767 aevi
438 1729 726 1769 consuetudine
765 1729 938 1769 alienam
971 1731 1087 1770 anxie
1125 1743 1316 1781 quaerere
1353 1732 1478 1772 nolui.

103 1787 165 1828 Ne
206 1799 275 1828 ea.x
295 1787 457 1839 quidem
493 1801 595 1840 quae
634 1790 679 1830 in
712 1788 885 1830 Hercule
916 1789 959 1829 Π
999 1790 1224 1843 singularia
1263 1792 1479 1832 occurrunt

104 1848 334 1899 scriptionis
372 1849 555 1900 exempla
591 1849 834 1890 removenda
877 1851 983 1890 duxi.
1045 1850 1243 1891 Numeros
1287 1864 1478 1892 versuum

102 1909 265 1948 restitui
295 1906 583 1949 Gronovianos.

194 1967 338 2009 Restat
373 1970 417 2009 111
455 1967 646 2010 Oo‘rAvu
682 1970 812 2010 denuo
856 1970 1008 2011 edenda
1053 1971 1252 2022 quomodo
1290 1974 1475 2012 versatus

102 2028 179 2068 sim
211 2030 260 2069 ut
288 2030 429 2081 paucis
460 2042 668 2081 exponam.
723 2030 859 2082 Atque
889 2033 933 2071 in
964 2034 1196 2083 praetextae
1227 2031 1360 2072 verbis
1385 2045 1477 2073 con-

103 2088 319 2129 stituendis
348 2103 465 2130 omne
496 2102 543 2130 eo
573 2091 681 2131 redit
704 2093 923 2133 recensoris
948 2091 1138 2142 officium,
1163 2094 1210 2132 ut
1234 2093 1320 2132 eius
1345 2105 1475 2133 exem-

103 2148 229 2200 plaris
260 2162 342 2190 non
372 2151 432 2190 ita
462 2152 625 2202 vetusti,
654 2151 761 2192 unde
792 2153 922 2192 totam
958 2165 1057 2203 quos
1095 2152 1260 2204 quidem
1289 2154 1474 2193 novimus

103 2208 298 2250 librorum
329 2210 485 2262 copiam
515 2211 751 2262 profluxisse
782 2214 1049 2253 certissimum
1081 2215 1141 2252 est
1166 2206 1268 2268 (Leo
1285 2211 1329 2253 ΙΙ
1354 2210 1475 2268 340),

103 2270 165 2308 ita
199 2271 440 2311 restituatur
476 2272 688 2324 scriptura,
722 2274 771 2314 ut
805 2273 899 2312 inde
936 2273 1164 2314 emendatio
1201 2286 1340 2314 eorum
1371 2286 1474 2326 quae

102 2330 249 2371 vitiose
288 2331 332 2370 in
371 2332 589 2383 archetypo
629 2332 702 2373 illo
738 2333 892 2374 tradita
931 2335 1058 2384 erant,
1098 2334 1308 2385 tamquam
1347 2347 1372 2374 a
1412 2346 1473 2380 so-

103 2389 189 2431 h'do
227 2376 488 2432 fundamento
528 2383 731 2444 proficisci
766 2395 904 2446 possit.
966 2393 1014 2433 Id
1050 2394 1082 2433 F
1126 2393 1218 2433 Lao
1253 2395 1301 2433 ut
1329 2396 1409 2434 via
1434 2396 1474 2434 et

176 2463 325 2492 Sumen
344 2470 562 2493 τυαοιυμι.
1231 2460 1255 2497 b
