1618 2554
149 145 235 191 172
586 146 626 182 L,
646 143 839 182 ANNAEI
864 142 1086 180 SENECAE

147 248 292 304 ipsum
324 247 472 289 intuor
503 246 697 289 solemne
727 245 1005 286 venerantem
1039 256 1208 285 sacrum

148 308 270 351 nullo
301 306 416 350 latus
449 306 685 350 eomitante
718 329 774 334 ——-
808 302 915 359 quid
945 302 1119 345 dubitas
1127 301 1149 343 ⁸?
1182 300 1302 344 dedit
1454 311 1525 344 425

148 371 322 424 tempus
352 368 586 422 locumque
618 379 759 408 casus:
790 363 1001 407 utendum
1033 362 1211 405 artibus.

148 428 446 485 trepidamus?
478 427 597 470 haud
627 428 694 469 est
722 425 850 467 facile
882 424 1136 467 mandatum
1169 422 1309 467 scelus

150 489 323 545 audere,
355 503 505 531 verum
536 488 654 530 iussa
687 486 764 542 qui
793 484 910 542 regis
941 484 1086 539 timet,

151 550 340 605 deponat
371 563 499 592 omne
530 550 574 591 et
605 547 741 603 pellat
773 561 827 588 ex
857 545 1004 588 animo
1037 545 1184 587 decus:

90 666 94 671 Ι
132 609 291 653 ἣῐῐιθλιιει
323 612 389 652 est
419 608 618 651 minister
647 607 758 665 regii
789 605 961 662 imperii
993 605 1145 661 pudor.
1457 612 1530 646 430

242 729 366 760 ΗΙΡΡ.
399 716 512 768 Quid
543 717 630 760 hue
662 716 821 759 seniles
850 716 967 759 fessa
998 714 1165 757 moliris
1198 713 1376 771 gradu8‚

153 794 179 822 o
211 778 298 821 fida
327 778 494 832 nutrix,
525 777 746 820 turbidam
774 775 966 819 frontem
998 788 1153 832 gerens

153 842 197 882 et
227 840 393 881 maesta
422 839 578 881 vultu?
610 851 762 894 sospes
793 839 860 879 est
890 839 1006 879 certe
1036 850 1193 892 parens
1289 874 1296 878 .

154 913 389 955 sospesque
420 897 617 942 Phaedra
648 897 798 954 stirpis
830 899 874 940 et
904 896 1104 954 geminae
1136 894 1319 954 iugum?

155 970 294 1003 NVTR.
313 958 458 1002 Metus
476 959 663 1002 remitte.
713 971 923 1014 prospero
942 972 1127 1015 regnum
1148 957 1195 999 in
1214 957 1331 999 statu
1351 957 1418 999 est
1461 965 1532 998 435

155 1020 396 1076 domusque
426 1019 586 1062 florens
618 1021 735 1062 sorte
765 1018 884 1062 felici
915 1018 1047 1075 viget.

156 1080 230 1123 sed
259 1083 310 1123 tu
341 1079 481 1123 beatis
513 1080 664 1123 mitior
692 1079 823 1122 rebus
848 1079 966 1122 veni:

155 1155 343 1197 namque
375 1141 547 1183 anxiam
579 1155 650 1182 me
682 1154 786 1183 eura
817 1139 1028 1183 sollicitat
1059 1140 1143 1193 tui,

156 1201 274 1258 quod
303 1204 348 1243 te
378 1202 472 1256 ipse
503 1200 657 1257 poenis
690 1200 896 1258 gravibus
928 1200 1112 1243 infestus
1144 1200 1307 1243 domas.

156 1277 286 1318 quem
316 1261 407 1304 fata
440 1264 622 1318 cogunt,
653 1261 728 1304 ille
760 1276 860 1304 eum
892 1261 1020 1304 venia
1051 1263 1116 1303 est
1147 1260 1298 1316 miser-3
1464 1268 1536 1300 440

156 1325 202 1365 at
232 1322 270 1364 si
301 1322 399 1377 quis
430 1323 547 1365 ultro
580 1337 625 1364 se
657 1322 784 1364 malis
816 1321 945 1364 offert
976 1321 1127 1365 volens

158 1396 289 1438 seque
320 1382 414 1438 ipse
443 1384 640 1438 torquet,
671 1382 851 1438 perdere
882 1385 948 1425 est
980 1382 1140 1440 dignus
1172 1381 1289 1425 bona

159 1443 256 1499 quis
286 1443 427 1486 nescit
456 1444 533 1485 uti.
596 1443 745 1499 potius
778 1457 991 1485 annorum
1023 1456 1193 1486 memor

158 1505 348 1546 mentem
378 1504 542 1546 relaxa:
575 1503 779 1546 noctibus
810 1503 934 1546 festis
964 1503 1106 1547 facem

159 1563 328 1620 attolle,
360 1577 485 1606 curas
516 1563 715 1607 Bacchus
746 1567 952 1606 exoneret
984 1577 1157 1621 gravem
1467 1571 1538 1604 445

159 1626 300 1667 aetate
329 1623 490 1666 fruere:
522 1624 678 1667 mobih'
710 1638 838 1668 cursu
869 1624 995 1681 fugit.

158 1698 276 1727 nune
304 1684 433 1728 facile
464 1687 635 1741 peetus,
667 1687 793 1742 grata
822 1699 940 1727 nune
970 1684 1120 1728 iuveni
1151 1683 1320 1727 Venus:

161 1745 326 1788 exultet
356 1745 539 1788 animus.
603 1760 682 1789 eur
710 1747 809 1788 toro
842 1745 974 1788 viduo
1007 1745 1151 1788 iaces?

159 1805 329 1849 tristem
362 1805 583 1848 iuventam
616 1806 754 1862 solve3
785 1820 903 1849 nune
935 1820 1087 1850 cursus
1117 1820 1240 1861 rape,

162 1865 333 1909 effunde
362 1865 574 1921 habenas,
606 1867 797 1922 optimos
829 1866 945 1909 vitae
976 1866 1067 1909 dies
1383 1910 1407 1915 ,,
1470 1873 1542 1906 450

161 1926 337 1975 effluere
368 1925 563 1982 prohibe.
625 1927 804 1982 propria
835 1926 1066 1983 descripsit
1096 1926 1202 1969 deus
1322 1922 1324 1924 ’

163 1987 309 2030 officia
340 1989 384 2029 et
415 2001 566 2029 aevum
601 2002 680 2042 per
711 2002 812 2029 suos
846 1987 972 2030 duxit
1003 1986 1181 2044 gradus:

161 2047 330 2091 laetitia
360 2047 580 2101 iuvenem,
612 2047 734 2090 frons
767 2047 891 2090 decet
920 2047 1060 2090 tristis
1092 2062 1252 2090 senem.

259 2144 331 2177 428
358 2140 492 2177 audire
511 2144 562 2176 At
589 2143 595 2187 Ι
616 2141 719 2178 iusta
745 2140 812 2187 qui
830 2151 940 2188 reges
959 2152 997 2177 ω
1023 2152 1115 2178 corr.
1137 2142 1187 2177 N.
1210 2140 1395 2178 Heinsius
1408 2152 1448 2187 p.
1464 2142 1515 2177 66
1531 2140 1546 2186 Ι

162 2193 235 2226 429
260 2191 300 2227 et
323 2201 392 2227 om.
412 2201 452 2227 ω
477 2201 569 2226 corr.
591 2190 642 2226 N.
664 2190 848 2226 Heinsius
873 2190 896 2226 l.
916 2201 967 2234 n„
994 2190 1152 2237 Bentley
1179 2191 1193 2236 ss
1222 2193 1295 2226 433
1318 2188 1451 2226 uultus
1476 2191 1508 2224 Δ
1531 2188 1545 2234 Ι

161 2241 234 2274 438
260 2237 375 2274 anxia
399 2242 428 2274 Ε
451 2240 456 2284 f
478 2237 660 2275 sonititat
683 2241 713 2274 Ε
743 2239 757 2285 ΙΙ
790 2241 862 2274 439
892 2237 1055 2275 infestus
1080 2248 1220 2284 granas
1243 2241 1276 2274 A
1291 2239 1303 2285 ·Ι
1325 2237 1421 2284 quid
1445 2238 1486 2275 te
1499 2229 1556 2263 —-‘

163 2286 322 2324 domas?
347 2286 505 2333 Bentley
546 2287 560 2332 ss
602 2289 674 2322 440
703 2288 846 2333 cog-unt
868 2286 934 2323 hie
957 2286 1115 2332 quidem
1141 2286 1254 2323 uiuat
1276 2286 1394 2323 miser
1417 2283 1548 2322 ΔΕΗ

163 2336 207 2372 in
230 2346 301 2383 my.
331 2335 345 2382 ΙΙ
374 2338 443 2370 441
467 2334 639 2380 antiquis
663 2334 766 2371 ultro
791 2339 820 2370 E
850 2335 864 2381 ΙΙ
894 2338 967 2370 443
993 2334 1060 2380 qui
1083 2333 1208 2371 nescit
1231 2342 1271 2379 ψ
1297 2336 1312 2381 ΙΙ
1341 2337 1415 2372 444
1438 2345 1547 2371 mon-

162 2384 283 2468 ffibmil
293 2387 325 2420 A
347 2382 517 2468 mgttibne
542 2395 572 2421 α
599 2384 614 2430 ΙΙ
640 2386 714 2419 445
739 2382 886 2420 bachus
910 2387 940 2419 Ε
967 2385 981 2430 ΙΙ
1007 2386 1081 2419 449
1104 2382 1216 2420 luxus
1242 2384 1312 2430 (vel
1334 2382 1457 2431 lusus)
1481 2385 1512 2418 Δ
1535 2383 1549 2429 Ι

163 2435 231 2469 461
283 2431 379 2469 osori
406 2431 421 2467 i
463 2434 514 2467 Δτ
735 2445 737 2447 ’
