1618 2554
124 113 207 156 106
552 108 592 144 L
613 106 803 143 ANNAEI
830 97 1051 142 SENECAE

121 200 301 255 inclinat
333 209 502 253 animus
533 211 703 264 s'emper
734 205 908 249 infirmo
939 203 1112 247 favens:
1423 211 1495 245 385

121 273 304 316 miseros
335 269 475 328 magis
505 269 682 321 fortuna
713 265 918 310 conciliat
947 263 1048 307 suis.

122 330 439 389 SAT.Regi11a,
475 319 578 373 duni
609 331 658 371 tu
690 326 856 370 flebiles
888 327 1067 382 questus
1099 324 1187 368 cies

122 394 313 448 terisque
344 394 535 459 tempus,
566 403 694 432 saeva
724 386 898 430 nudatis
929 385 1051 429 adest

122 455 235 497 acies
267 453 313 496 in
343 452 493 508 armis;
525 465 623 494 aera
654 450 739 492 iam
773 448 936 490 bellum
968 446 1085 489 cient

122 514 352 571 aquilaque
383 526 576 569 pugnam
608 510 789 568 signifer
820 510 940 550 mota
970 509 1110 550 vocat.
1426 515 1497 548 390

123 578 301 644 septena.
330 587 453 630 reges
485 571 600 615 bella
631 570 831 638 dispositi
862 570 1036 625 parant,

78 687 84 693 ἡ
124 637 268 678 animo
300 635 395 691 pari
428 631 614 676 Cadmea
643 630 874 688 progenies
905 629 1042 684 subit,

123 710 251 739 cursu
284 695 416 738 citato
448 693 573 736 miles
603 691 706 735 111116
739 694 868 747 atque
899 689 1003 733 hinc
1033 689 1132 732 ruit.

123 756 221 799 vide
252 757 302 799 ut
332 758 425 799 atra
455 754 592 797 nubes
624 753 801 809 pulvere
833 750 1071 794 abscondat
1104 749 1218 792 diem

123 817 331 872 fumoque
362 814 524 859 similes
557 827 736 869 campus
769 813 815 855 in
846 812 1014 855 caelum
1046 811 1186 868 erigat
1426 818 1497 852 395

125 877 322 933 nebulas,
354 875 544 944 equestri
574 874 712 917 fracta
744 887 850 929 quas
881 872 1011 915 tellus
1043 871 1153 928 pede

127 937 361 980 summittit
392 939 452 991 et,
484 935 524 979 si
551 949 653 979 vera
683 935 925 976 metuentes
956 933 1125 988 vident,

126 998 284 1041 infesta
313 970 486 1054 fulgent
516 996 658 1054 signa,
690 994 901 1037 subrectis
933 993 1056 1037 adest

124 1059 244 1101 frons
276 1057 416 1115 prima
446 1057 564 1113 telis,
595 1071 724 1098 aurea
755 1056 919 1099 clarum
950 1056 1057 1098 nota

125 1134 285 1162 nomen
316 1118 474 1161 ducum
505 1117 665 1160 vexilla
696 1115 1011 1172 praescriptum
1042 1116 1201 1157 ferunt.
1430 1122 1502 1155 400

126 1179 159 1234 i,
190 1178 318 1221 redde
350 1193 541 1222 amorem
572 1177 799 1232 fratribus,
831 1191 983 1232 pacem
1017 1175 1239 1229 omnibus,

126 1243 168 1282 et
201 1239 335 1296 impia
366 1253 485 1282 arma
517 1238 667 1281 matris
701 1238 907 1294 oppositu
938 1235 1113 1293 impedi.

348 1369 658 1415 ANTIGONA
707 1368 960 1413 IOCASTA
1009 1366 1276 1413 NVNTIVS

218 1456 371 1513 Perge,
404 1470 430 1498 o
461 1470 636 1512 parens,
668 1459 711 1497 et
742 1455 914 1498 concita
944 1455 1126 1497 celerem
1159 1452 1364 1511 gradum,

128 1531 352 1573 compesce
383 1517 490 1571 tela,
520 1516 727 1558 fratribus
759 1516 920 1558 ferrum
954 1517 1125 1570 excute,

128 1577 293 1621 nudum
325 1577 438 1619 111161·
467 1591 590 1619 enses
621 1579 772 1632 pectus
803 1576 985 1619 infestos
1016 1579 1134 1619 tene:
1433 1583 1503 1616 405

128 1641 205 1681 aut
235 1638 355 1681 solve
386 1637 569 1692 benum,
600 1639 748 1692 mater,
781 1639 858 1679 aut
888 1636 1030 1692 prima
1061 1636 1224 1692 excipe.

130 1710 221 1742 100.
252 1696 333 1741 Ibo
365 1697 439 1740 ibo
471 1700 515 1740 et
547 1696 677 1739 armis
710 1696 887 1740 obvium
921 1710 1140 1753 opponam
1173 1698 1322 1752 caput,

130 1758 254 1802 stabo
286 1758 400 1801 inter
430 1772 568 1813 arma3
599 1759 745 1814 petere
778 1758 854 1813 qui
883 1756 1064 1800 fratrem
1095 1757 1233 1811 volet,

129 1822 251 1877 petat
281 1821 381 1862 ante
412 1820 606 1868 matrem.
668 1819 773 1872 tela,
806 1817 881 1874 qui
911 1817 1045 1860 fuerit
1075 1817 1192 1874 pius,

129 1882 311 1938 rogante
342 1881 477 1934 ponat
508 1881 663 1934 matre3
696 1879 771 1934 qui
803 1892 893 1921 non
924 1880 989 1921 est
1020 1877 1119 1934 pius
1433 1885 1506 1919 410

130 1939 312 1996 incipiat
342 1954 368 1981 a
398 1953 479 1981 me.
540 1939 730 1981 fervidos
763 1939 940 1982 iuvenes
971 1952 1080 1982 anus

130 2000 306 2055 tenebo,
336 1999 507 2043 nullum
539 2001 650 2042 teste
681 2014 750 2042 me
781 1999 858 2042 fiet
887 1999 1028 2055 nefas3

228 2097 297 2130 38⁷
320 2105 394 2140 pro
412 2093 566 2130 satellite
586 2092 753 2129 Nuntius
768 2104 837 2139 per
854 2097 969 2129 totam
988 2103 1159 2138 scaenam
1177 2095 1209 2128 Δ
1226 2093 1239 2139 ΙΙ
1258 2095 1329 2129 388
1349 2091 1459 2129 salua
1477 2096 1507 2129 E

130 2155 223 2180 corr.
250 2142 400 2180 Gronov
429 2143 513 2178 tota
538 2145 569 2177 A
591 2143 595 2188 1
618 2142 773 2177 nudatis
799 2141 908 2178 stetit
931 2144 962 2176 Δ
999 2143 1012 2187 ss
1049 2144 1121 2177 894
1144 2140 1235 2177 uide
1259 2142 1305 2177 ut
1329 2143 1361 2177 Δ
1389 2140 1508 2177 uiden

130 2193 175 2228 ut
193 2195 222 2227 E
247 2191 389 2227 uiden?
409 2191 632 2227 Lachmawn
651 2189 702 2226 ad
719 2190 880 2237 Immp
882 2192 974 2226 494
996 2191 1002 2236 Ι
1025 2188 1226 2226 abscondit
1244 2191 1312 2225 ΕΔ
1330 2200 1424 2227 con.
1438 2197 1477 2233 ψ
1495 2187 1510 2237 η

132 2243 202 2277 395
227 2239 353 2287 erigat
376 2250 415 2276 ω
446 2239 493 2283 cf.
520 2239 601 2275 Tro.
623 2240 696 2274 945
721 2238 767 2274 H
776 2252 803 2275 11
819 2240 918 2274 1207
955 2239 968 2286 u
1003 2239 1074 2273 408
1100 2237 1344 2274 continuatur
1373 2248 1510 2276 scaena

131 2300 199 2326 om.
221 2288 434 2336 Antiyomae
457 2291 548 2324 nota
572 2290 658 2323 ante
682 2298 712 2323 v.
734 2289 808 2323 403
826 2288 884 2333 El
905 2296 1022 2334 perge
1048 2296 1070 2321 o
1095 2297 1132 2332 p
1151 2296 1221 2333 pre
1248 2296 1269 2322 6
1295 2286 1334 2322 et
1358 2285 1510 2324 concita

133 2349 164 2374 c.
184 2349 239 2384 gr.
259 2341 289 2372 B
321 2348 357 2384 p.
382 2347 405 2373 o
429 2347 465 2383 p.
486 2335 603 2383 perge
629 2336 667 2371 et
693 2288 884 2371 citalaew.¹
905 2298 964 2379 cf.
985 2334 1056 2381 Ay
1078 2298 1224 2382 9131114
1250 2337 1274 2370 9
1298 2333 1510 2380 fueratlss

133 2401 199 2433 410
224 2409 293 2434 om
311 2400 341 2433 B
372 2397 582 2434 rubricator
605 2397 648 2432 in
672 2407 742 2444 my.
768 2395 969 2441 adscripsit
993 2386 1027 2430 R
