1618 2554
659 117 941 154 PRAEFATIO
1406 117 1495 154 XIII

115 226 157 264 et
186 222 365 262 Vadiani
402 222 595 261 lectiones
634 220 831 260 conflatae
870 223 983 271 sunt,
1022 223 1069 260 ut
1105 221 1244 260 multis
1277 222 1393 271 locis,
1426 221 1496 260 ubi

115 285 238 330 ceteri
267 282 363 322 libri
388 295 413 321 a
446 297 466 321 τ
492 279 714 332 discedunt,
739 282 783 320 in
809 280 931 320 dubio
963 282 1018 320 sit
1042 281 1364 333 relinquendum,
1389 282 1494 321 sitne

115 344 336 385 communis
363 355 501 382 eorum
526 342 646 382 lectio
673 341 724 381 ab
752 342 971 393 archetypo
996 341 1227 392 repetenda,
1247 354 1299 381 an
1324 342 1496 382 alteram

116 405 166 445 ab
193 404 322 444 altera
347 403 507 443 fluxisse
532 402 805 443 statuendum.
843 402 931 442 Hoc
955 404 1094 442 tamen
1118 404 1284 452 certum,
1304 402 1496 442 Trevethi

116 465 266 504 librum
302 463 417 504 nullo
449 464 536 503 loco
570 476 594 503 a
625 465 851 503 ceterorum
883 463 1021 513 aliquo
1053 462 1245 514 pendere,
1277 463 1347 502 sed
1377 475 1494 503 suum

117 528 158 565 et
181 525 392 577 proprium
419 526 556 564 tenere
581 524 725 564 locum.
775 523 916 574 Neque
947 535 1085 563 rursus
1117 523 1153 563 R
1169 525 1224 564 10
1257 537 1283 564 a
1306 538 1327 562 τ
1353 523 1496 563 deduci
1519 526 1526 535 ¹

114 587 271 637 potest,
311 597 482 636 quorum
519 596 733 625 consensus
772 583 824 623 ad
855 596 1067 626 commune
1104 584 1354 635 archetypon
1389 583 1497 624 redit

116 658 243 698 eoque
281 646 373 696 plus
417 645 545 695 valet,
589 644 661 685 ubi
704 645 828 685 ceteri
871 643 994 683 huius
1037 643 1189 686 ordinis
1233 643 1327 684 libri
1370 644 1495 685 disce-

117 706 229 746 dunt⁴
284 705 333 745 In
365 705 603 758 Augustano
635 705 714 745 duo
746 717 849 756 quae
880 703 1059 747 indicavi
1090 705 1272 757 germina
1302 705 1346 745 in
1370 718 1497 744 unum

117 767 236 818 quasi
266 765 503 806 confluxisse
534 766 733 807 videntur.
785 764 993 805 Librarius
1025 765 1178 805 scilicet
1202 765 1496 818 exemplaribus

117 840 165 867 ex
195 828 368 878 utroque
400 827 512 867 fonte
544 827 650 866 natis
682 827 742 866 ita
774 838 870 866 usus
902 827 981 876 est,
1013 827 1060 865 ut
1089 824 1208 866 modo
1239 826 1347 866 hunc
1377 826 1497 866 modo

115 887 234 927 illum
267 890 505 939 sequeretur
536 887 578 927 et
610 900 713 938 quae
744 886 1012 938 descripserat
1042 884 1210 938 posthac
1243 899 1334 927 cum
1367 887 1496 927 altero

116 947 219 987 libro
258 948 458 988 conferret
495 961 544 987 ex
584 961 711 998 eoque
753 948 982 999 corrigeret.
1046 945 1200 987 Similis
1240 949 1302 987 est
1341 947 1496 988 indoles

118 1007 313 1058 Vadiani,
356 1008 452 1047 libri
495 1009 633 1048 tamen
678 1009 719 1047 et
756 1007 1035 1060 neglegentius
1076 1009 1219 1059 scripti
1258 1010 1300 1048 et
1341 1008 1411 1059 qui
1450 1022 1497 1048 ex

117 1067 345 1107 iunioribus
378 1067 557 1108 fontibus
588 1081 669 1107 non
700 1080 830 1120 pauca
861 1068 1094 1119 desumpsit.

209 1128 284 1167 His
322 1129 436 1169 novis
478 1128 668 1168 subsidiis
706 1127 1048 1180 quemadmodum
1086 1128 1137 1168 ad
1175 1128 1498 1169 constituendam

118 1189 388 1240 interpolatae
434 1190 675 1229 recensionis
720 1189 936 1229 lectionem
982 1183 1058 1243 (A)
1103 1201 1198 1228 usus
1242 1191 1340 1240 sim,
1390 1203 1496 1229 nunc

119 1248 337 1300 explicabo.

210 1309 264 1349 Et
303 1309 494 1360 quoniam
531 1310 606 1349 hoc
650 1309 814 1361 quidem
852 1311 1029 1359 constat,
1067 1311 1331 1350 vetustiorem
1374 1310 1498 1351 huius

118 1369 361 1410 recensionis
386 1370 570 1409 formam
607 1382 688 1409 non
726 1382 843 1421 posse
881 1370 1056 1409 inveniri
1094 1383 1142 1410 ea
1184 1383 1287 1422 quae
1319 1370 1498 1410 omnium

119 1431 275 1482 generis
301 1442 424 1481 supra
449 1430 640 1481 descripti
664 1430 861 1470 librorum
887 1442 1084 1470 consensu
1109 1433 1319 1483 appareat,
1343 1431 1496 1471 talibus

116 1489 367 1541 lectionibus,
399 1490 470 1529 ubi
501 1491 551 1529 ab
578 1490 610 1528 E
644 1490 845 1541 differunt,
874 1493 1036 1543 signum
1060 1491 1098 1530 A
1123 1494 1231 1531 recte
1263 1492 1494 1543 apponitur.

120 1548 375 1602 Quamquam
413 1564 462 1590 ne
499 1551 619 1591 lectio
658 1551 821 1604 quidem
857 1552 1041 1591 unanimi
1073 1551 1267 1592 librorum
1298 1565 1497 1593 consensu

118 1610 271 1650 tradita
296 1612 407 1651 omni
430 1611 575 1651 mendo
599 1614 693 1663 post
716 1612 864 1652 veteris
889 1612 1193 1665 interpolatoris
1219 1625 1385 1664 operam
1404 1626 1496 1653 con-

120 1673 250 1711 tracto
287 1673 424 1722 vacat,
455 1674 504 1711 ut
541 1673 788 1724 archetypon
826 1671 975 1713 nostris
1011 1672 1126 1713 libris
1159 1673 1386 1714 subiectum
1417 1687 1499 1714 non

121 1731 232 1774 illius
264 1731 468 1783 exemplar
496 1733 642 1784 ipsum,
668 1732 738 1773 sed
764 1732 929 1784 aliquod
955 1732 1005 1772 ab
1034 1733 1110 1773 hoc
1135 1734 1363 1784 antiquitus
1395 1734 1498 1774 deri-

121 1793 263 1831 vatum
293 1791 417 1832 fuisse
442 1793 701 1832 statuendum
726 1794 790 1833 sit.
834 1792 967 1839 Quare
994 1793 1135 1833 littera
1159 1793 1198 1833 A
1222 1794 1342 1835 lectio
1374 1794 1505 1847 signi-¹

121 1851 265 1908 ficatur
288 1850 484 1892 librorum
509 1865 705 1893 consensu
729 1853 883 1893 tradita
907 1854 974 1893 vel
998 1854 1159 1908 integra
1182 1855 1249 1894 vel
1274 1855 1499 1906 antiquitus

122 1915 321 1964 corrupta.
385 1912 448 1952 Ab
481 1926 528 1953 ea
559 1914 826 1966 separandam
862 1914 961 1954 duxi
998 1913 1211 1954 lectionem
1249 1915 1500 1956 saeculorum

123 1972 292 2013 decursu
318 1986 342 2013 a
366 1974 539 2024 pristina
569 1975 701 2014 forma
731 1975 824 2026 plus
855 1976 1039 2015 minusve
1071 1975 1349 2027 depravatam,
1380 1976 1450 2017 sed
1476 1989 1500 2016 a

122 2033 374 2073 noviciorum
410 2034 687 2074 conaminibus
725 2036 941 2087 intactam,
979 2035 1112 2087 qualis
1153 2039 1324 2088 apparet
1360 2037 1404 2076 in
1442 2037 1499 2077 eis

123 2091 249 2143 libris,
268 2094 340 2144 qui
366 2094 417 2133 ad
435 2097 550 2134 vetus
568 2095 671 2134 illud
697 2096 945 2147 archetypon
971 2095 1121 2135 Italum
1144 2096 1326 2147 redeunt,
1352 2110 1374 2137 e
1399 2110 1498 2149 quo-

122 2166 214 2192 rnm
244 2167 409 2194 numero
441 2155 535 2194 libri
566 2167 689 2206 supra
719 2155 910 2207 descripti
940 2157 1151 2208 Qquam
1182 2157 1309 2196 totius
1341 2159 1498 2210 generis

124 2213 343 2265 specimina
366 2217 516 2254 extant.
566 2215 717 2255 Eorum
742 2216 863 2256 lectio
888 2216 959 2256 ubi
985 2229 1075 2256 cum
1100 2217 1214 2257 libris
1242 2231 1266 2257 a
1290 2217 1334 2256 F.
1354 2217 1499 2258 Lnom:

125 2273 316 2314 adhibitis
356 2276 572 2326 consentit,
610 2277 749 2316 littera
783 2276 822 2316 A
852 2279 959 2317 recte
996 2278 1198 2330 signatur,
1243 2278 1314 2317 ubi
1353 2278 1404 2318 ab
1443 2280 1499 2318 eis

125 2332 307 2384 discedit,
335 2346 409 2386 pro
444 2338 662 2376 vetustiore
699 2337 884 2376 habenda
916 2339 987 2377 est.
1046 2337 1148 2378 Eam
1179 2338 1236 2377 At
1265 2339 1414 2378 litteris
1447 2340 1498 2378 si-

125 2393 327 2445 gnandam
366 2395 461 2434 duxi
500 2418 555 2423 ———
596 2412 614 2436 τ
652 2398 808 2437 uncinis
840 2397 997 2437 inclusa
1028 2393 1168 2451 [A<‘>]‚
1201 2398 1270 2437 ubi
1302 2398 1351 2439 de
1385 2401 1500 2439 textu
