1618 2554
134 156 220 200 186
566 155 603 190 L.
627 153 817 190 ANNAEI
843 152 1064 189 SENECAE

131 256 180 298 in
208 255 360 298 limine
392 255 488 310 ipso
521 256 685 296 maesta
715 253 1000 296 lamentatio?

133 316 325 372 auspicia
358 315 488 372 digna
519 329 696 371 prorsus
728 313 898 357 inferno
930 312 1115 369 hospite.

133 388 272 419 NVTR.
305 375 441 418 Tenet
474 375 741 418 obstinatum
772 373 969 417 Phaedra
1001 373 1231 416 consilium
1264 373 1382 417 necis

132 436 346 492 fletusque
377 438 550 479 nostros
581 436 748 491 spernit
778 449 828 478 ac
859 433 991 477 morti
1022 433 1232 487 imminet.
1440 446 1510 479 855

135 508 267 539 THES.
301 495 418 547 Quae
451 511 578 539 causa
609 497 716 539 leti‘?
748 496 904 539 reduce
936 509 1012 538 cur
1042 495 1229 538 moritur
1259 495 1384 539 viro?

85 587 91 592 =
133 569 274 599 NVTR.
305 556 426 600 Haec
455 557 551 614 ipsa
581 558 718 600 letum
751 571 880 599 causa
911 558 1130 598 maturum
1162 555 1323 600 attulit.

135 629 267 660 THES.
299 616 511 674 Perplexa
542 632 749 675 magnum
781 617 912 660 verba
943 617 1089 662 nescio
1123 616 1229 672 quid
1258 619 1426 674 tegunt.

134 678 264 721 effare
295 681 443 734 aperte
475 678 573 734 quis
605 680 756 735 gravet
787 679 977 721 mentem
1010 677 1144 720 dolor.

133 750 273 781 NVTR.
305 737 426 781 Haut
457 739 610 794 pandit
639 739 738 795 ulli3
769 740 934 781 maesta
965 736 1179 782 secretum
1213 738 1373 781 occulit
1441 749 1513 783 860

134 800 372 854 statuitque
405 814 549 843 secum
580 799 692 842 ferre
724 813 811 854 quo
843 799 1029 842 moritur
1058 799 1235 842 malum.

133 859 220 902 iam
252 874 404 917 perge,
435 874 614 915 quaeso,
645 873 795 917 perge:
827 862 1060 916 properato
1093 862 1159 903 est
1191 874 1312 916 opus.

136 931 268 962 THES.
301 919 506 963 Reserate
538 921 708 963 clausos
739 921 848 978 regii
880 923 1028 976 postes
1058 920 1174 963 laris.

249 1075 520 1120 THESEVS
570 1076 858 1121 PHAEDRA
907 1076 1136 1121 NVTRIX
1186 1075 1402 1121 TAGITA

227 1159 262 1204 Ο
295 1162 412 1205 socia
443 1162 644 1219 thalami,
678 1162 812 1205 sicine
844 1163 1078 1207 adventum
1111 1163 1193 1206 viri

135 1224 179 1264 et
211 1222 392 1277 expetiti
423 1223 626 1280 coniugis
656 1224 827 1266 vultum
860 1223 1053 1279 excipis?
1441 1233 1514 1267 865

136 1283 242 1338 quin
274 1297 373 1325 ense
404 1283 557 1326 viduas
587 1283 809 1327 dexteram
841 1287 972 1340 atque
1003 1284 1197 1327 animum
1229 1282 1339 1327 mihi

134 1343 327 1385 restituis
359 1346 403 1387 et
432 1344 477 1387 te
509 1344 717 1401 quicquid
748 1359 771 1387 e
802 1345 893 1388 vita
922 1345 1049 1401 fugat

136 1404 383 1459 expromis?
445 1417 519 1447 PH.
551 1404 697 1461 Eheu,
727 1420 806 1462 per
835 1406 902 1449 tui
933 1408 1155 1463 sceptrum
1185 1405 1361 1462 imperi,

134 1464 412 1523 magnanime
442 1464 632 1521 Theseu,
663 1480 826 1522 perque
857 1468 1059 1509 natorum
1091 1465 1284 1509 indolem

134 1526 320 1580 tuosque
350 1524 515 1568 reditun
546 1541 710 1582 perque
740 1527 827 1570 iam
860 1527 1024 1570 cineres
1055 1540 1175 1571 meos
1181 1559 1217 1582 ,-
1443 1536 1515 1570 870

135 1585 339 1642 permitte
370 1588 568 1630 mortem.
631 1598 764 1630 THES.
799 1586 938 1631 Causa
969 1602 1082 1643 quae
1113 1587 1232 1644 cogit
1263 1587 1406 1630 mori?

135 1657 211 1687 PH.
245 1644 291 1688 Si
323 1660 452 1705 causa
481 1647 560 1690 leti
592 1647 761 1705 dicitur,
792 1648 962 1692 fructus
993 1649 1119 1704 perit.

138 1717 270 1749 THES.
302 1705 444 1750 Nemo
475 1707 593 1750 istud
624 1709 753 1764 alius,
785 1724 854 1752 me
887 1708 1062 1765 quidem
1094 1711 1296 1764 excepto,
1327 1708 1484 1752 audiet.

136 1778 211 1809 ΡΗ.
244 1765 384 1810 Aures
416 1767 574 1823 pudica
606 1769 805 1826 coniugis
838 1770 952 1812 solas
983 1769 1122 1813 timet.

137 1837 270 1869 THES.
302 1826 465 1871 Effare:
495 1828 584 1871 fido
616 1832 792 1885 pectore
823 1845 979 1873 arcana
1012 1830 1219 1874 occulam.
1445 1839 1515 1871 875

136 1899 212 1930 ΡΗ.
244 1886 394 1931 Alium
427 1888 553 1931 silere
585 1890 703 1945 quod
734 1889 873 1947 voles,
904 1891 1071 1946 primus
1104 1890 1195 1933 sile.

138 1959 271 1991 THES.
303 1947 402 1991 Leti
432 1948 618 1992 facultas
649 1951 770 1993 nulla
802 1952 1028 2008 continget
1058 1951 1153 1994 tibi.

137 2019 212 2050 PH.
244 2008 359 2051 Mori
389 2010 554 2053 volenti
587 2010 709 2054 desse
740 2026 858 2054 mors
890 2026 1130 2067 numquam
1162 2013 1320 2067 potest.

234 2155 306 2187 852
331 2152 371 2189 et
394 2152 527 2188 limine
553 2153 594 2188 in
619 2153 703 2200 ipso
728 2156 759 2189 A
796 2156 808 2200 Η
846 2157 915 2189 853
942 2154 1111 2200 hospitia
1136 2167 1173 2191 ω
1199 2166 1292 2191 corr.
1321 2153 1476 2190 Grotius
1498 2154 1518 2199 ‘ss

138 2203 209 2236 860
234 2202 303 2236 aut
324 2204 353 2236 Ε
371 2202 385 2247 ΙΙ
405 2204 474 2236 868
506 2202 633 2238 Thesei
649 2207 777 2239 notam
795 2213 872 2238 non
888 2203 960 2247 hic,
985 2203 1048 2239 sed
1067 2208 1152 2239 ante
1172 2215 1202 2239 v.
1219 2204 1295 2239 864
1309 2201 1432 2248 praef.
1452 2205 1481 2237 Ε
1509 2202 1514 2248 Ι

137 2249 258 2296 postis
283 2248 383 2285 lares
408 2252 464 2284 At
481 2250 494 2296 ΙΙ
514 2253 585 2285 864
609 2262 725 2287 novae
743 2262 897 2287 scaenae
916 2252 1025 2288 inser.
1045 2263 1114 2288 om.
1136 2255 1166 2286 A
1191 2251 1303 2288 Thes.
1322 2249 1430 2286 fedra
1449 2257 1487 2294 ψ
1507 2251 1519 2297 ΙΙ

138 2301 209 2334 868
247 2297 420 2334 dextram
457 2301 507 2334 At
548 2300 561 2344 Η
604 2302 673 2334 867
713 2299 816 2345 quod
854 2299 1009 2345 quidem
1047 2311 1067 2336 e
1106 2302 1187 2346 (om.
1219 2301 1260 2346 τ)
1297 2311 1330 2335 v.
1362 2298 1388 2335 f.
1426 2301 1476 2334 At
1506 2299 1519 2345 ΙΙ

138 2349 208 2382 888
234 2346 311 2383 heu
335 2349 366 2382 A
383 2347 396 2393 ΙΙ
416 2350 487 2383 872
513 2346 546 2382 si
570 2346 640 2382 leti
667 2357 782 2383 causa
806 2350 861 2382 At
880 2350 892 2393 Η
912 2351 982 2383 874
995 2360 1047 2391 sq.
1071 2359 1216 2394 person.
1242 2351 1351 2384 notas
1375 2358 1443 2384 om.
1463 2349 1520 2382 Δτ

137 2407 171 2432 a.
198 2396 358 2442 pudicas
385 2406 415 2432 c.
443 2407 470 2431 s.
497 2395 633 2432 times?
660 2399 691 2430 A
720 2397 733 2442 ΙΙ
765 2399 833 2431 877
861 2396 1085 2445 eontingnet
1108 2401 1137 2431 Ε
1165 2398 1178 2443 Η
1216 2399 1285 2432 878
1311 2405 1519 2442 numquam

137 2455 238 2480 mors
264 2447 295 2480 A
