1618 2554
500 106 757 144 HEROVLES
783 106 1042 156 [OETAEVS]
1371 108 1462 154 385

80 220 160 252 1100
190 208 396 264 properat
426 206 512 262 uri3
547 219 733 262 cumque
765 206 852 249 iam
882 205 988 249 forti
1020 206 1169 250 datum

78 268 168 311 leto
200 267 304 310 satis
336 266 552 323 pensavit,
583 265 790 324 igniferas
821 265 966 309 trabes

79 327 184 371 hinc
213 326 316 370 inde
344 327 496 382 traxit,
526 326 708 369 minima
739 340 846 382 quas
877 326 1053 369 flamma
1085 330 1288 383 occupat,

79 390 282 443 totasque
312 387 359 431 in
388 387 513 444 ignes
544 386 675 429 vertit
706 389 750 429 et
781 386 878 442 quis
909 386 1125 442 plurimus
1363 398 1459 431 1750

79 447 270 491 exundat
299 447 414 505 ignis
444 447 604 503 repetit
634 447 876 503 intrepidus
906 447 1042 490 ferox.

79 511 185 551 tunc
216 522 292 551 ora
323 507 510 551 flammis
542 507 714 563 implet:
745 510 813 550 ast
842 507 908 550 illi
941 521 1094 564 graves

79 568 229 612 luxere
261 566 438 623 barbae3
470 581 656 623 cumque
687 567 775 610 iam
806 568 975 610 voltum
1007 567 1156 610 minax

79 630 304 686 appeteret
333 628 467 685 ignis,
498 627 740 670 lamberent
770 627 971 670 flammae
1003 630 1152 684 caput,

833 704 853 727 ,κ

79 747 188 806 [11011
205 748 364 805 pressit
382 748 544 791 oculos.
577 747 651 790 sed
670 747 776 803 quid
793 747 907 792 hoc‘?
926 750 1136 791 maestam
1155 749 1305 792 intuor
1362 759 1455 792 1755

79 809 178 852 sinu
209 811 430 867 gerentem
461 808 666 863 reliquias
698 807 848 866 magni
878 806 1083 851 Herculis

80 869 330 924 crinemque
361 869 524 911 iactans
557 867 803 923 squalidum
831 867 1041 911 Alcmene
1072 868 1240 926 gemit]

480 986 764 1031 ALGMENE
816 986 1052 1030 HYLLVS

171 1060 358 1116 Timete,
390 1060 553 1117 superi,
584 1060 692 1103 fata:
725 1062 814 1102 tam
847 1074 1006 1116 parvus
1038 1060 1147 1103 cinis

80 1119 340 1176 Herculeus,
371 1120 458 1163 huc
487 1120 575 1163 huc
606 1120 678 1163 ille
712 1118 902 1163 decrevit
934 1121 1107 1178 gigans!

80 1195 106 1224 o
139 1183 319 1236 quanta,
350 1179 496 1235 Titan,
529 1181 582 1223 ad
613 1180 726 1223 nihil
756 1181 894 1223 moles
926 1180 1038 1237 abit3
1364 1192 1459 1225 1760

80 1241 225 1297 anilis,
257 1241 344 1284 heu
375 1255 463 1295 me,
494 1241 650 1296 recipit
682 1239 866 1283 Alciden
897 1241 1035 1296 sinus,

79 1300 152 1343 hic
183 1301 378 1344 tumulus
409 1301 476 1344 illi
508 1303 590 1343 est:
625 1315 721 1343 ecce
754 1300 827 1348 vix
858 1303 996 1344 totam
1030 1299 1240 1344 Hercules

81 1361 318 1418 complevit
347 1376 518 1417 urnam3
551 1375 681 1417 quam
713 1361 807 1403 leve
840 1363 906 1403 est
935 1361 1107 1417 pondus
1138 1361 1266 1417 mihi,

81 1421 151 1464 cui
183 1424 303 1464 totus
335 1421 485 1464 aether
515 1422 685 1477 pondus
718 1421 917 1464 incubuit
947 1422 1053 1464 leve.

79 1481 134 1524 ad
165 1481 344 1524 Tartara
375 1482 480 1525 olim
512 1495 746 1538 regnaque,
777 1495 802 1523 o
834 1483 948 1536 nate,
979 1481 1134 1524 ultima
1364 1491 1458 1525 1765

78 1541 294 1585 rediturus
326 1541 419 1584 ibas
446 1567 502 1571 —
531 1542 703 1597 quando
735 1541 790 1584 ab
822 1540 992 1584 inferna
1024 1539 1160 1599 Styge

79 1601 291 1644 remeabis
323 1602 510 1644 iterum?
541 1616 631 1644 non
662 1604 711 1644 ut
742 1604 785 1644 et
818 1601 1006 1657 spolium
1038 1601 1184 1647 trahas

79 1675 313 1718 rursusque
344 1661 536 1704 Theseus
570 1662 723 1705 debeat
754 1662 897 1704 lucem
928 1661 1012 1705 tibi
1038 1687 1095 1692 —

81 1721 155 1764 sed
187 1721 360 1777 quando
393 1721 541 1765 solus?
574 1722 760 1765 mundus
793 1722 1024 1777 impositus
1056 1724 1154 1764 tuas

175 1806 264 1838 1747
291 1814 361 1839 nec
386 1805 537 1850 poterat
561 1804 781 1850 uticumque
806 1807 836 1838 E
861 1803 908 1848 cf.
935 1803 1013 1840 Leo
1036 1804 1293 1850 1212111748
1320 1814 1458 1850 pensa-

79 1851 136 1886 vit
159 1862 204 1887 ea:
229 1851 403 1898 pensavis
429 1852 476 1887 ΕΙ
494 1853 507 1898 ΙΙ
526 1855 616 1887 1749
642 1851 762 1888 nimia
786 1854 854 1886 BA
878 1863 969 1888 corr.
997 1858 1035 1895 ψ
1057 1853 1062 1897 Ι
1085 1851 1170 1897 quis
1195 1855 1225 1886 Ε
1243 1852 1257 1898 ΙΙ
1275 1855 1366 1887 1750
1397 1852 1458 1899 ig-

80 1910 167 1935 nem
194 1902 224 1934 A
245 1901 250 1945 Ι
273 1910 350 1944 qua.
374 1902 404 1935 A
435 1911 531 1946 quas
556 1903 586 1934 Ε
617 1911 709 1937 corr.
739 1900 888 1937 Gronov
909 1900 915 1945 Ι
937 1899 1111 1945 pluribus
1136 1903 1166 1934 E
1202 1901 1215 1946 fl
1252 1903 1338 1935 1751
1362 1900 1456 1936 reci-

80 1946 140 1993 pit
164 1949 195 1981 A
224 1947 376 1993 repedit
399 1951 429 1983 Ε
459 1959 551 1985 corr.
578 1955 616 1992 ψ
653 1949 666 1997 μ
702 1950 794 1984 1752
822 1958 923 1983 1111110
947 1951 978 1982 A
1012 1948 1018 1993 Ι
1053 1949 1094 1984 at
1119 1949 1197 1982 Ast)
1230 1949 1346 1994 atque
1370 1955 1409 1992 ψ
1447 1949 1458 1994 ss

80 1998 170 2030 1753
196 2006 264 2031 om.
290 1999 320 2030 Β
341 1998 347 2042 fl
368 1995 478 2032 uultu
505 1998 582 2031 Ast)
607 1998 620 2043 ΙΙ
643 1999 733 2032 1755
763 2007 830 2033 om.
858 1999 887 2030 B
913 1996 981 2032 del.
1009 1996 1086 2032 Leo
1117 2007 1199 2032 cum
1226 2007 1255 2032 v.
1282 1998 1459 2042 sequenti,

82 2044 315 2080 narrationis
334 2047 494 2080 extrema
513 2045 568 2080 vel
586 2045 854 2084 interciderunt
866 2044 921 2080 vel
938 2045 1078 2090 scripta
1097 2055 1174 2080 non
1192 2049 1279 2081 sumt
1298 2056 1322 2080 a
1336 2049 1459 2090 poeta,

80 2092 126 2135 cf.
151 2090 291 2127 Mezzer
317 2103 357 2138 p.
379 2095 426 2136 8,·
450 2103 535 2140 erqo
560 2105 590 2129 υ.
618 2096 707 2128 1757
747 2103 888 2139 quoque
925 2092 1101 2128 delendus
1132 2097 1211 2128 erat
1244 2095 1249 2138 1
1284 2092 1356 2129 hoc
1388 2104 1456 2129 om.

83 2140 160 2174 Ast)
186 2138 286 2174 hanc
311 2147 347 2182 ψ
384 2142 397 2186 u
433 2144 524 2176 1756
556 2142 769 2187 gementem
795 2143 825 2176 E
843 2142 856 2186 ΙΙ
874 2144 963 2175 1757
996 2140 1143 2187 gemuit
1174 2144 1202 2174 Ε
1238 2143 1242 2185 ξ
1278 2140 1457 2176 cinerem-

81 2197 155 2233 que
188 2188 257 2231 (sic
280 2190 335 2232 ψ)
367 2187 472 2224 luctu
505 2188 682 2235 squalida
712 2190 756 2224 A.
789 2188 889 2236 gerit
920 2189 1078 2235 Bentley
1095 2190 1109 2235 n
1128 2189 1258 2224 inser:
1291 2200 1460 2224 Ancum

38 2270 40 2273 .
78 2247 323 2271 plumemus
351 2238 383 2270 A
417 2238 431 2282 ἣ
466 2240 557 2272 1758
588 2250 672 2273 Ama.
694 2237 815 2283 praef.
842 2240 871 2273 B
894 2237 899 2282 Ι
922 2237 1069 2282 superis
1094 2240 1123 2271 Ε
1155 2238 1168 2282 Η
1197 2239 1288 2271 1759
1320 2235 1366 2272 Η.
1400 2237 1459 2272 est

80 2282 155 2319 huc
180 2285 211 2317 A
241 2284 254 2328 ss
283 2286 374 2319 1760
398 2283 439 2319 111
463 2284 560 2323 nihil
586 2288 616 2320 A
647 2287 659 2331 ΙΙ
689 2289 774 2320 1761
802 2285 903 2331 cepit
927 2284 1007 2320 Alc.
1035 2287 1065 2319 A
1084 2286 1096 2331 ΙΙ
1115 2287 1206 2319 1762
1230 2284 1295 2320 ille
1321 2287 1350 2319 Ε
1373 2286 1379 2330 Ι
1400 2285 1459 2320 to-

80 2332 148 2367 ton
173 2331 341 2377 3111768
367 2333 425 2367 est
449 2343 516 2368 om.
544 2337 573 2367 Β
592 2335 605 2379 Η
623 2337 712 2368 1767
739 2334 777 2368 et
802 2344 869 2369 om.
895 2340 933 2378 ψ
960 2333 1031 2378 (uti
1051 2335 1094 2377 α)
1118 2335 1122 2378 Ι
1146 2331 1298 2367 solitum
1326 2334 1371 2367 tr.
1397 2336 1426 2367 Ε
1445 2333 1458 2378 {l

0 2390 7 2393 “
80 2381 171 2415 1768
196 2390 419 2425 rursumque
445 2384 475 2415 A
493 2382 506 2427 fl
525 2385 615 2416 1769
640 2381 741 2427 ignis
767 2380 968 2427 impositus
994 2383 1025 2415 A

156 2444 305 2472 sumen
324 2452 431 2473 fuco
434 2454 543 2474 zzzzzz
1194 2443 1239 2474 25
