1618 2554
150 175 236 218 182
585 175 624 210 L.
647 174 837 210 ANNAEI
865 164 1100 210 SENECAE'

146 274 252 330 quid
283 276 326 317 te
359 275 454 330 ipsa
471 275 678 317 lacerans
711 274 906 316 onmium
939 273 1170 329 adspectus
1202 271 1352 331 fugis?

145 349 267 378 mens
300 335 549 391 inpudicam
581 335 742 390 facere,
773 349 863 377 non
895 349 1020 378 casus
1053 334 1176 377 solet.
1457 344 1524 377 735

720 453 955 498 GHORVS

454 527 588 586 Fugit
619 530 796 571 insanae
828 528 985 571 similis
1017 528 1252 584 procellae,

364 590 483 632 ocior
513 589 652 632 nubes
684 589 953 646 glomerante
986 587 1120 645 Coro,

363 650 483 693 ocior
514 664 689 692 cursum
720 650 916 706 rapiente
948 649 1143 705 flamma,

363 711 490 753 stella
520 725 619 753 cum
652 711 795 753 ventis
828 710 994 769 agitata
1023 711 1184 768 longos

452 771 639 828 porrigit
670 771 805 828 ignes.
1458 780 1526 813 740

363 828 570 874 Conferat
599 834 746 875 tecum
779 832 910 875 decus
943 846 1072 874 omne
1104 830 1300 887 priscum

362 891 480 934 fama
509 892 708 934 miratrix
739 892 922 935 senioris
954 892 1068 935 aevi:

361 952 587 1007 pulchrior
617 954 739 995 tanto
771 955 848 995 tua
877 954 1021 996 forma
1050 953 1188 1008 lucet,

362 1012 520 1055 clarior
550 1015 714 1068 quanto
747 1013 880 1056 micat
912 1013 1017 1057 orbe
1048 1014 1179 1070 pleno

365 1087 464 1116 cum
497 1088 599 1116 suos
631 1074 755 1131 ignes
788 1077 972 1118 coeunte
1005 1070 1142 1118 cornu
1459 1083 1527 1116 745

362 1133 507 1176 iunxit
538 1136 582 1176 et
612 1148 741 1177 curru
772 1137 1035 1191 properante
1067 1149 1236 1191 pernox
1552 1147 1555 1149 ’

362 1194 500 1236 exerit
529 1195 678 1237 vultus
708 1195 952 1238 rubicunda
982 1194 1160 1239 Phoebe

361 1269 443 1298 nec
473 1256 624 1298 tenent
656 1255 807 1299 steHae
838 1256 996 1299 faciem
1028 1256 1238 1313 minores3

360 1314 462 1357 talis
494 1318 577 1371 est,
608 1316 772 1372 primas
803 1317 995 1360 referens
1027 1317 1249 1372 tenebras,

361 1375 542 1418 nuntius
573 1377 735 1432 noctis,
765 1377 897 1420 modo
929 1378 1047 1421 lotus
1079 1378 1208 1421 undis
1458 1387 1527 1420 750

361 1434 602 1492 Hesperus,
634 1437 772 1493 pulsis
804 1438 964 1481 iterum
995 1438 1187 1482 tenebris

452 1495 628 1540 Lucifer
659 1497 786 1540 idem.

366 1578 427 1622 Et
457 1582 506 1622 tu
513 1615 524 1636 ‚
556 1580 802 1638 thyrsigera
831 1582 964 1625 Liber
995 1583 1049 1626 ab
1081 1582 1224 1639 India,

363 1639 537 1683 intonsa
568 1641 736 1685 iuvenis
767 1646 1029 1699 perpetuum
1061 1657 1206 1700 coma,

361 1700 496 1757 tigres
527 1703 760 1758 pampinea
791 1704 970 1760 cuspide
1001 1705 1207 1748 territans
1458 1714 1526 1747 755

363 1774 414 1803 ac
443 1761 574 1804 mitra
605 1762 815 1807 cohibens
848 1765 1126 1822 cornigerum
1159 1768 1310 1822 caput,

362 1834 452 1864 non
482 1822 630 1865 vinces
661 1824 825 1880 rigidas
857 1824 1094 1882 Hippolyti
1126 1840 1286 1870 comas.

363 1895 418 1923 ne
449 1882 597 1925 vultus
628 1884 814 1927 nimium
848 1886 1062 1941 suspicias
1093 1889 1214 1930 tuos:

363 1942 505 1984 omnis
537 1958 615 1999 per
645 1945 834 2001 populos
864 1946 1016 1989 fabula
1047 1947 1238 2002 distulit,

363 2000 582 2046 Phaedrae
608 2019 737 2060 quem
763 2005 943 2050 Bromio
969 2007 1226 2063 praetulerit
1251 2022 1384 2051 soror.
1459 2017 1529 2050 760

435 2091 609 2156 Anceps
640 2101 781 2144 forma
813 2102 979 2146 bonum
1012 2103 1273 2147 mortalibus
1280 2118 1306 2160 ‚‘

435 2160 585 2217 exigui
616 2162 779 2206 donum
811 2163 942 2206 breve
973 2165 1203 2220 temporis,

435 2222 484 2262 ut
516 2221 645 2264 velox
676 2223 807 2266 celeri
838 2223 947 2280 pede
979 2224 1157 2268 laberis!

242 2316 314 2350 784
341 2314 426 2359 quit
450 2318 479 2350 E
514 2316 519 2361 Ι
553 2315 699 2352 laceras
724 2322 753 2353 Ε
788 2318 794 2365 Ι
829 2320 1027 2365 aspectum
1053 2323 1083 2355 A
1126 2322 1139 2367 Η
1182 2324 1254 2356 ’140
1279 2320 1438 2367 corripit
1461 2322 1494 2355 Δ
1517 2320 1530 2367 ΙΙ

145 2364 216 2398 ’14⁷
243 2364 372 2398 exeret
396 2366 425 2398 Ε
469 2364 482 2409 ΙΙ
520 2368 607 2410 post
630 2369 701 2400 748
728 2367 909 2412 quaedam
941 2369 1170 2405 intercidisse
1201 2370 1334 2406 statuit
1359 2369 1494 2415 Peiper
1517 2368 1530 2415 ΙΙ

146 2413 218 2446 749
243 2410 370 2456 qualis
389 2423 428 2448 ω
453 2422 546 2448 corr.
568 2414 645 2450 Leo
664 2415 676 2460 ΙΙ
695 2417 889 2451 753-760
909 2421 990 2461 post
1010 2420 1079 2452 808
1105 2418 1298 2455 collocavit
1319 2417 1499 2455 Swoboda
1516 2417 1530 2465 ΙΙ

145 2462 216 2495 ’156
241 2459 436 2506 panpinea
460 2461 610 2507 311758
637 2472 707 2497 nec
732 2466 763 2497 Δ
782 2465 885 2510 117759
911 2475 1041 2500 omnes
1067 2469 1098 2500 A
1196 2463 1201 2468 ’
