1618 2554
188 115 278 160 348
627 115 666 152 L.
687 114 880 152 ANNAEI
904 113 1126 152 SENECAE

189 229 215 259 0
247 217 398 270 mater,
428 214 554 258 abiit:
585 215 781 258 membra
812 216 855 257 et
885 212 1124 257 Herculeos
1154 215 1275 258 toros

187 276 277 319 urit
305 277 402 319 lues
430 275 578 319 nescio
611 290 714 333 qua3
746 275 823 331 qui
854 273 1024 318 domuit
1052 273 1186 331 feras,

188 335 264 380 ille
294 336 370 380 ille
401 335 541 379 victor
570 336 760 379 vincitur
790 337 953 379 maeret
986 334 1116 378 dolet.

145 451 151 457 ἡ
189 396 294 453 quid
324 396 495 454 quaeris
526 396 672 440 ultra?
721 407 816 439 DEI.
847 394 1045 438 Miserias
1076 397 1312 451 properant
1343 408 1444 439 suas

189 456 336 500 audire
367 457 534 514 miseri;
563 457 675 513 fare,
706 470 793 512 quo
824 456 968 512 posita
1000 455 1047 499 in
1078 457 1195 499 statu
1495 466 1564 499 765

188 516 276 561 iam
307 519 460 561 nostra
490 516 645 561 domus
677 516 773 560 est?
805 530 831 559 o
861 516 994 573 lares,
1023 516 1173 560 miseri
1203 516 1333 574 lares!

187 592 303 621 nunc
334 577 483 634 vidua,
513 591 631 621 nunc
662 577 863 634 expulsa,
892 591 1011 620 nunc
1040 577 1156 619 ferar
1187 576 1354 620 obruta.

187 649 296 681 mm.
327 637 431 682 Non
462 638 555 681 sola
585 652 750 688 maeres
782 635 1036 693 Herculem,
1065 639 1160 680 toto
1192 638 1304 681 iacet

188 698 352 742 mundo
383 699 640 757 gemendus3
670 698 761 742 fata
791 712 891 755 nec,
921 700 1072 754 mater,
1102 699 1180 740 tua.

188 758 359 815 privata
390 759 556 802 credas:
587 759 675 802 iam
708 773 844 816 genus
876 761 1020 802 totum
1046 757 1283 814 obstrepit.
1374 754 1384 766 Χ
1497 768 1566 801 760

189 817 307 862 hunc
339 833 437 862 ecce
467 819 635 862 luctum
669 834 798 875 quem
831 818 969 877 gemis
1001 818 1149 862 cuncti
1178 820 1379 875 gemunt,

190 892 420 923 commune
451 880 577 923 terris
610 879 813 923 omnibus
845 879 1007 937 pateris
1038 879 1216 923 malum.

188 940 358 984 luctum
390 940 630 997 occupasti:
661 940 823 997 prima,
852 954 944 984 non
974 939 1068 984 sola
1097 937 1350 996 Herculem,

190 1000 453 1057 miseranda,
483 1015 659 1045 maeres.
722 1012 817 1044 DEI.
849 998 988 1052 Quam
1020 1014 1157 1058 prope
1188 1015 1214 1043 a
1243 999 1332 1044 leto
1365 1002 1513 1042 tamen

191 1060 287 1116 ede,
319 1061 395 1104 ede
428 1075 587 1117 quaeso
619 1061 758 1105 iaceat
782 1059 959 1105 Alcides
990 1075 1125 1105 meus.
1497 1070 1565 1103 765

189 1132 298 1163 HYL„
329 1119 449 1164 Mors
479 1121 643 1179 refugit
673 1122 799 1165 illum
829 1122 947 1165 victa
980 1136 1090 1178 quae
1121 1121 1169 1164 in
1198 1134 1335 1178 regno
1367 1135 1447 1164 suo

190 1182 326 1225 semel
356 1184 423 1225 est
453 1196 535 1226 nec
565 1182 726 1226 audent
755 1183 847 1226 fata
877 1184 970 1226 tam
999 1184 1174 1226 vastum
1205 1180 1327 1225 nefas

190 1241 429 1285 admittere.
491 1242 608 1299 ipsas
639 1243 827 1287 forsitan
856 1242 1028 1299 trepida
1059 1242 1181 1286 colus

190 1299 350 1346 Clotho
383 1317 515 1346 manu
545 1303 731 1359 proiecit
762 1306 805 1346 et
835 1304 927 1347 fata
958 1301 1162 1346 Herculis

189 1362 316 1406 timet
346 1377 564 1421 peragere.
625 1379 705 1420 pro
738 1364 870 1420 diem,
902 1363 1129 1409 infandum
1162 1363 1295 1406 diem!
1498 1372 1566 1406 770

189 1422 329 1466 hocne
360 1423 435 1466 ille
466 1438 637 1467 summo
669 1439 854 1482 magnus
879 1423 1055 1468 Alcides
1087 1423 1198 1468 erit?

192 1494 286 1526 DEI.
319 1481 389 1526 Ad
418 1483 510 1527 fata
542 1487 585 1528 et
615 1485 792 1528 umbras
824 1485 964 1541 adque
995 1485 1188 1541 peiorem
1220 1483 1371 1539 polum

189 1543 444 1600 praecedere
475 1544 600 1588 illum
633 1545 770 1589 dicis?
802 1560 858 1588 an
887 1559 1067 1602 possum
1098 1544 1219 1602 prior

191 1606 377 1647 mortem
410 1606 651 1661 occupare?
681 1606 790 1661 fare,
823 1607 859 1649 si
890 1605 1084 1648 nondum
1118 1604 1287 1649 occidit.

191 1675 299 1707 HYL,
331 1663 530 1708 Euboica
559 1666 690 1708 tellus
723 1667 883 1709 vertice
914 1666 1127 1709 immenso
1159 1668 1334 1709 tumens
1499 1675 1568 1707 775

190 1725 391 1780 pulsatur
422 1726 541 1768 omni
572 1726 725 1769 latere:
757 1725 993 1770 Phrixeum
1026 1741 1144 1770 mare

192 1784 350 1828 scindit
382 1783 647 1842 Caphereus,
679 1788 811 1830 servit
842 1786 927 1830 hoc
951 1786 1116 1830 Austro
1147 1787 1281 1843 1atus3

190 1848 236 1888 at
267 1860 353 1901 qua
383 1846 527 1889 nivosi
557 1847 725 1902 patitur
748 1846 981 1903 Aquilonis
1013 1847 1154 1892 minas
1160 1881 1173 1903 ‚

189 1904 382 1962 Euripus
413 1906 551 1949 undas
583 1906 721 1950 flectit
750 1907 967 1951 instabilis
999 1922 1132 1965 vagas

192 1968 446 2023 septemque
478 1980 628 2010 cursus
660 1968 798 2011 volvit
830 1971 872 2011 et
903 1967 1086 2012 totidem
1117 1967 1268 2024 refert,
1500 1976 1569 2010 780

287 2064 354 2097 751
391 2060 516 2097 habiit
546 2064 575 2096 E
619 2063 631 2108 11
675 2065 746 2097 752
785 2073 882 2108 quae
918 2065 949 2098 A
991 2064 1003 2109 11
1047 2066 1118 2098 758
1154 2062 1220 2098 ille
1257 2062 1365 2099 semel
1400 2072 1469 2099 om.
1501 2062 1570 2108 1ss

191 2112 263 2144 766
289 2120 311 2145 o
336 2108 428 2145 laris
453 2112 483 2145 Β
501 2110 514 2156 11
533 2112 602 2145 757
629 2109 730 2146 feror
754 2113 785 2145 A
803 2112 815 2156 11
845 2114 915 2146 758
941 2110 1125 2147 Hercules
1148 2114 1181 2147 A
1202 2112 1208 2156 1
1230 2111 1397 2157 ᾑοΐςοᾳιιθι
1412 2109 1515 2146 iacet
1538 2111 1568 2144 Β

191 2157 278 2202 (toti
302 2157 517 2201 Amemus)
553 2159 566 2203 11
603 2161 675 2193 759
700 2169 747 2193 ne
772 2167 810 2202 ψ
847 2161 859 2204 11
896 2162 968 2195 760
994 2159 1117 2196 credis
1142 2162 1172 2194 B
1208 2160 1220 2206 11
1263 2162 1331 2195 761
1354 2163 1456 2195 nunc
1481 2167 1570 2194 ecce

189 2205 297 2241 luctu
320 2209 351 2241 Β
374 2216 467 2242 corr.
488 2206 641 2243 Richter
665 2206 766 2242 hunc
792 2206 938 2242 eiulatu
963 2210 994 2242 A
1023 2210 1028 2253 1
1060 2208 1199 2244 cuncta
1223 2210 1252 2243 Ε
1295 2208 1308 2254 11
1350 2209 1422 2243 766
1446 2205 1571 2243 uicta-

190 2263 265 2299 que
290 2256 319 2288 B
343 2254 357 2299 11
381 2256 452 2290 768
478 2252 581 2289 colos
606 2256 638 2288 A
664 2255 677 2300 11
708 2258 779 2289 769
805 2255 927 2290 fatum
953 2258 983 2290 A
1007 2257 1019 2302 11
1047 2259 1115 2291 771
1139 2255 1297 2292 hoccine
1321 2259 1351 2294 Ε
1373 2256 1379 2301 Ι
1400 2253 1470 2291 illo
1493 2261 1532 2299 ψ
1557 2254 1571 2300 11

191 2304 263 2337 772
289 2300 407 2348 Hyllo
437 2302 680 2338 continuatur
710 2305 774 2348 Δ-1
803 2304 919 2348 atque
951 2315 988 2339 ω
1026 2314 1118 2339 corr.
1146 2303 1237 2340 Birt
1278 2306 1293 2347 11
1334 2306 1405 2339 773
1437 2314 1493 2350 pr.
1524 2303 1570 2339 tu

190 2348 245 2385 ill.
272 2352 304 2384 A
345 2350 359 2395 11
400 2351 472 2385 776
498 2349 601 2385 omni
633 2351 742 2396 parte
767 2352 798 2385 A
820 2352 825 2396 1
847 2350 1008 2386 frixcum
1033 2354 1063 2386 Ε
1106 2352 1118 2397 11
1161 2355 1231 2387 777
1260 2350 1477 2398 Caphareus
1501 2353 1533 2386 A
1557 2351 1571 2396 fl

191 2400 263 2433 779
288 2396 487 2434 instabiles
513 2407 632 2444 vagus
658 2399 810 2444 Δ11780
836 2409 966 2434 cursus
991 2397 1112 2434 flectit
1137 2401 1168 2434 A
1557 2403 1561 2406 ’
