<?xml version="1.0" encoding="UTF-8"?>
<!DOCTYPE html PUBLIC "-//W3C//DTD XHTML 1.0 Transitional//EN"
    "http://www.w3.org/TR/xhtml1/DTD/xhtml1-transitional.dtd">
<html xmlns="http://www.w3.org/1999/xhtml" xml:lang="en" lang="en">
 <head>
  <title>
</title>
<meta http-equiv="Content-Type" content="text/html;charset=utf-8" />
  <meta name='ocr-system' content='tesseract 3.04.00' />
  <meta name='ocr-capabilities' content='ocr_page ocr_carea ocr_par ocr_line ocrx_word'/>
</head>
<body>
  <div class='ocr_page' id='page_1' title='image "./tragoediaerecens00seneuoft_0226.png"; bbox 0 0 1618 2554; ppageno 0'>
   <div class='ocr_carea' id='block_1_1' title="bbox 161 110 1100 169">
    <p class='ocr_par' dir='ltr' id='par_1_1' title="bbox 161 110 1100 169">
     <span class='ocr_line' id='line_1_1' title="bbox 161 110 1100 169; baseline -0.014 -10"><span class='ocrx_word' id='word_1_1' title='bbox 161 115 247 159; x_wconf 84' lang='lat'>180</span> <span class='ocrx_word' id='word_1_2' title='bbox 598 113 639 149; x_wconf 87' lang='lat' dir='ltr'>L.</span> <span class='ocrx_word' id='word_1_3' title='bbox 658 111 851 148; x_wconf 76' lang='lat' dir='ltr'>ANNAEI</span> <span class='ocrx_word' id='word_1_4' title='bbox 865 110 1100 169; x_wconf 73' lang='lat' dir='ltr'>SENECAE</span> 
     </span>
    </p>
   </div>
   <div class='ocr_carea' id='block_1_2' title="bbox 98 211 1560 2083">
    <p class='ocr_par' dir='ltr' id='par_1_2' title="bbox 158 211 1538 379">
     <span class='ocr_line' id='line_1_2' title="bbox 158 211 1538 257; baseline -0.001 0"><span class='ocrx_word' id='word_1_5' title='bbox 158 216 291 257; x_wconf 90' lang='lat' dir='ltr'>finem</span> <span class='ocrx_word' id='word_1_6' title='bbox 322 213 395 256; x_wconf 88' lang='grc'>1110</span> <span class='ocrx_word' id='word_1_7' title='bbox 426 211 566 255; x_wconf 83' lang='grc'>(101011</span> <span class='ocrx_word' id='word_1_8' title='bbox 598 211 728 255; x_wconf 80' lang='lat' dir='ltr'>faciet</span> <span class='ocrx_word' id='word_1_9' title='bbox 759 215 836 254; x_wconf 84' lang='lat' dir='ltr'>aut</span> <span class='ocrx_word' id='word_1_10' title='bbox 866 211 982 255; x_wconf 82' lang='lat' dir='ltr'>vitae</span> <span class='ocrx_word' id='word_1_11' title='bbox 1014 211 1117 254; x_wconf 79' lang='lat' dir='ltr'>dies,</span> <span class='ocrx_word' id='word_1_12' title='bbox 1466 223 1538 257; x_wconf 79' lang='lat'>670</span> 
     </span>
     <span class='ocr_line' id='line_1_3' title="bbox 159 270 1459 330; baseline -0.002 -12"><span class='ocrx_word' id='word_1_13' title='bbox 159 275 362 318; x_wconf 87' lang='lat' dir='ltr'>miserere</span> <span class='ocrx_word' id='word_1_14' title='bbox 393 273 579 315; x_wconf 82' lang='lat' dir='ltr'>amantis</span> <span class='ocrx_word' id='word_1_15' title='bbox 605 298 664 303; x_wconf 97' lang='lat'><strong>—</strong></span> <span class='ocrx_word' id='word_1_16' title='bbox 726 284 849 315; x_wconf 84' lang='lat' dir='ltr'>HIPP.</span> <span class='ocrx_word' id='word_1_17' title='bbox 882 270 1041 330; x_wconf 83' lang='lat' dir='ltr'>Magne</span> <span class='ocrx_word' id='word_1_18' title='bbox 1073 274 1280 330; x_wconf 85' lang='lat' dir='ltr'>regnator</span> <span class='ocrx_word' id='word_1_19' title='bbox 1310 272 1459 330; x_wconf 85' lang='lat' dir='ltr'>deum,</span> 
     </span>
     <span class='ocr_line' id='line_1_4' title="bbox 159 332 1286 379; baseline -0.003 0"><span class='ocrx_word' id='word_1_20' title='bbox 159 339 247 379; x_wconf 77' lang='lat' dir='ltr'>tam</span> <span class='ocrx_word' id='word_1_21' title='bbox 281 336 424 379; x_wconf 86' lang='lat' dir='ltr'>lentus</span> <span class='ocrx_word' id='word_1_22' title='bbox 456 332 580 375; x_wconf 83' lang='lat' dir='ltr'>audis</span> <span class='ocrx_word' id='word_1_23' title='bbox 611 333 802 376; x_wconf 78' lang='lat' dir='ltr'>scelera?</span> <span class='ocrx_word' id='word_1_24' title='bbox 834 335 924 376; x_wconf 84' lang='lat' dir='ltr'>tam</span> <span class='ocrx_word' id='word_1_25' title='bbox 954 332 1102 377; x_wconf 83' lang='lat' dir='ltr'>lentus</span> <span class='ocrx_word' id='word_1_26' title='bbox 1134 332 1286 376; x_wconf 80' lang='lat' dir='ltr'>vides?</span> 
     </span>
    </p>

    <p class='ocr_par' dir='ltr' id='par_1_3' title="bbox 160 393 1152 452">
     <span class='ocr_line' id='line_1_5' title="bbox 160 393 1152 452; baseline -0.004 -13"><span class='ocrx_word' id='word_1_27' title='bbox 160 399 204 439; x_wconf 88' lang='lat' dir='ltr'>et</span> <span class='ocrx_word' id='word_1_28' title='bbox 236 393 408 452; x_wconf 86' lang='lat' dir='ltr'>quando</span> <span class='ocrx_word' id='word_1_29' title='bbox 441 408 566 436; x_wconf 85' lang='lat' dir='ltr'>saeva</span> <span class='ocrx_word' id='word_1_30' title='bbox 597 393 764 436; x_wconf 83' lang='lat' dir='ltr'>fulmen</span> <span class='ocrx_word' id='word_1_31' title='bbox 782 393 968 436; x_wconf 52' lang='lat' dir='ltr'>emittes</span> <span class='ocrx_word' id='word_1_32' title='bbox 1000 408 1152 449; x_wconf 84' lang='lat' dir='ltr'>manu,</span> 
     </span>
    </p>

    <p class='ocr_par' dir='ltr' id='par_1_4' title="bbox 160 453 1252 510">
     <span class='ocr_line' id='line_1_6' title="bbox 160 453 1252 510; baseline -0.001 -11"><span class='ocrx_word' id='word_1_33' title='bbox 160 457 197 500; x_wconf 86' lang='lat' dir='ltr'>si</span> <span class='ocrx_word' id='word_1_34' title='bbox 227 469 344 498; x_wconf 88' lang='lat' dir='ltr'>nunc</span> <span class='ocrx_word' id='word_1_35' title='bbox 374 468 571 498; x_wconf 86' lang='lat' dir='ltr'>serenum</span> <span class='ocrx_word' id='word_1_36' title='bbox 604 454 698 497; x_wconf 80' lang='lat' dir='ltr'>est?</span> <span class='ocrx_word' id='word_1_37' title='bbox 731 453 873 496; x_wconf 84' lang='lat' dir='ltr'>omnis</span> <span class='ocrx_word' id='word_1_38' title='bbox 904 453 1120 510; x_wconf 86' lang='lat' dir='ltr'>impulsus</span> <span class='ocrx_word' id='word_1_39' title='bbox 1153 456 1252 498; x_wconf 83' lang='lat' dir='ltr'>mat</span> 
     </span>
    </p>

    <p class='ocr_par' dir='ltr' id='par_1_5' title="bbox 98 514 1539 632">
     <span class='ocr_line' id='line_1_7' title="bbox 160 514 1539 569; baseline -0.004 -9"><span class='ocrx_word' id='word_1_40' title='bbox 160 516 309 560; x_wconf 84' lang='lat' dir='ltr'>aether</span> <span class='ocrx_word' id='word_1_41' title='bbox 340 518 383 558; x_wconf 87' lang='lat' dir='ltr'>et</span> <span class='ocrx_word' id='word_1_42' title='bbox 413 514 519 558; x_wconf 84' lang='lat' dir='ltr'>atris</span> <span class='ocrx_word' id='word_1_43' title='bbox 551 514 740 557; x_wconf 84' lang='lat' dir='ltr'>nubibus</span> <span class='ocrx_word' id='word_1_44' title='bbox 773 514 931 557; x_wconf 84' lang='lat' dir='ltr'>condat</span> <span class='ocrx_word' id='word_1_45' title='bbox 963 514 1097 569; x_wconf 87' lang='lat' dir='ltr'>diem,</span> <span class='ocrx_word' id='word_1_46' title='bbox 1469 525 1539 559; x_wconf 73' lang='lat'>675</span> 
     </span>
     <span class='ocr_line' id='line_1_8' title="bbox 98 574 1118 632; baseline -0.004 -11"><span class='ocrx_word' id='word_1_47' title='bbox 98 602 103 607; x_wconf 90' lang='lat'><em>-</em></span> <span class='ocrx_word' id='word_1_48' title='bbox 161 592 211 620; x_wconf 86' lang='lat' dir='ltr'>ac</span> <span class='ocrx_word' id='word_1_49' title='bbox 242 591 365 620; x_wconf 82' lang='lat' dir='ltr'>versa</span> <span class='ocrx_word' id='word_1_50' title='bbox 395 578 510 618; x_wconf 84' lang='lat' dir='ltr'>retro</span> <span class='ocrx_word' id='word_1_51' title='bbox 544 574 683 618; x_wconf 84' lang='lat' dir='ltr'>sidera</span> <span class='ocrx_word' id='word_1_52' title='bbox 715 575 919 631; x_wconf 85' lang='lat' dir='ltr'>obliquos</span> <span class='ocrx_word' id='word_1_53' title='bbox 950 577 1084 632; x_wconf 84' lang='lat' dir='ltr'>agant</span> <span class='ocrx_word' id='word_1_54' title='bbox 1114 602 1118 608; x_wconf 58' lang='grc' dir='ltr'><em>ι</em></span> 
     </span>
    </p>

    <p class='ocr_par' dir='ltr' id='par_1_6' title="bbox 160 634 1164 692">
     <span class='ocr_line' id='line_1_9' title="bbox 160 634 1164 692; baseline -0.003 -11"><span class='ocrx_word' id='word_1_55' title='bbox 160 639 324 681; x_wconf 78' lang='lat' dir='ltr'>retorta</span> <span class='ocrx_word' id='word_1_56' title='bbox 354 650 515 680; x_wconf 85' lang='lat' dir='ltr'>cursus.</span> <span class='ocrx_word' id='word_1_57' title='bbox 578 638 733 691; x_wconf 84' lang='lat' dir='ltr'>tuque,</span> <span class='ocrx_word' id='word_1_58' title='bbox 765 634 979 678; x_wconf 84' lang='lat' dir='ltr'>sidereum</span> <span class='ocrx_word' id='word_1_59' title='bbox 1012 638 1164 692; x_wconf 72' lang='lat' dir='ltr'>caput,</span> 
     </span>
    </p>

    <p class='ocr_par' dir='ltr' id='par_1_7' title="bbox 161 694 1048 752">
     <span class='ocr_line' id='line_1_10' title="bbox 161 694 1048 752; baseline -0.003 -11"><span class='ocrx_word' id='word_1_60' title='bbox 161 698 324 741; x_wconf 82' lang='lat' dir='ltr'>radiate</span> <span class='ocrx_word' id='word_1_61' title='bbox 355 694 502 752; x_wconf 83' lang='lat' dir='ltr'>Titan,</span> <span class='ocrx_word' id='word_1_62' title='bbox 533 698 583 739; x_wconf 76' lang='lat' dir='ltr'>tu</span> <span class='ocrx_word' id='word_1_63' title='bbox 613 695 735 739; x_wconf 86' lang='lat' dir='ltr'>nefas</span> <span class='ocrx_word' id='word_1_64' title='bbox 768 696 915 752; x_wconf 81' lang='lat' dir='ltr'>stirpis</span> <span class='ocrx_word' id='word_1_65' title='bbox 947 698 1048 739; x_wconf 86' lang='lat' dir='ltr'>tuae</span> 
     </span>
    </p>

    <p class='ocr_par' dir='ltr' id='par_1_8' title="bbox 163 756 1297 815">
     <span class='ocr_line' id='line_1_11' title="bbox 163 756 1297 815; baseline -0.002 -13"><span class='ocrx_word' id='word_1_66' title='bbox 163 757 412 815; x_wconf 75' lang='lat' dir='ltr'>speculare?</span> <span class='ocrx_word' id='word_1_67' title='bbox 442 757 584 800; x_wconf 90' lang='lat' dir='ltr'>lucem</span> <span class='ocrx_word' id='word_1_68' title='bbox 616 771 764 814; x_wconf 82' lang='lat' dir='ltr'>merge</span> <span class='ocrx_word' id='word_1_69' title='bbox 796 759 840 799; x_wconf 86' lang='lat' dir='ltr'>et</span> <span class='ocrx_word' id='word_1_70' title='bbox 871 756 918 799; x_wconf 88' lang='lat' dir='ltr'>in</span> <span class='ocrx_word' id='word_1_71' title='bbox 948 756 1150 800; x_wconf 72' lang='lat' dir='ltr'>tenebras</span> <span class='ocrx_word' id='word_1_72' title='bbox 1181 756 1297 815; x_wconf 83' lang='lat' dir='ltr'>fuge.</span> 
     </span>
    </p>

    <p class='ocr_par' dir='ltr' id='par_1_9' title="bbox 162 816 1541 922">
     <span class='ocr_line' id='line_1_12' title="bbox 163 816 1541 873; baseline 0 -11"><span class='ocrx_word' id='word_1_73' title='bbox 163 834 240 862; x_wconf 86' lang='lat' dir='ltr'>cur</span> <span class='ocrx_word' id='word_1_74' title='bbox 270 818 437 872; x_wconf 79' lang='lat' dir='ltr'>dextra,</span> <span class='ocrx_word' id='word_1_75' title='bbox 468 817 616 860; x_wconf 86' lang='lat' dir='ltr'>divum</span> <span class='ocrx_word' id='word_1_76' title='bbox 647 820 790 860; x_wconf 85' lang='lat' dir='ltr'>rector</span> <span class='ocrx_word' id='word_1_77' title='bbox 821 819 952 872; x_wconf 87' lang='lat' dir='ltr'>atque</span> <span class='ocrx_word' id='word_1_78' title='bbox 983 816 1233 873; x_wconf 89' lang='lat' dir='ltr'>hominum,</span> <span class='ocrx_word' id='word_1_79' title='bbox 1263 819 1392 862; x_wconf 81' lang='lat' dir='ltr'>vacat</span> <span class='ocrx_word' id='word_1_80' title='bbox 1469 828 1541 862; x_wconf 82' lang='lat'>680</span> 
     </span>
     <span class='ocr_line' id='line_1_13' title="bbox 162 876 1148 922; baseline -0.002 0"><span class='ocrx_word' id='word_1_81' title='bbox 162 883 238 922; x_wconf 87' lang='lat' dir='ltr'>tua</span> <span class='ocrx_word' id='word_1_82' title='bbox 268 892 348 922; x_wconf 88' lang='lat' dir='ltr'>nec</span> <span class='ocrx_word' id='word_1_83' title='bbox 378 878 557 921; x_wconf 81' lang='lat' dir='ltr'>trisulca</span> <span class='ocrx_word' id='word_1_84' title='bbox 589 877 775 921; x_wconf 86' lang='lat' dir='ltr'>mundus</span> <span class='ocrx_word' id='word_1_85' title='bbox 807 876 993 920; x_wconf 85' lang='lat' dir='ltr'>ardescit</span> <span class='ocrx_word' id='word_1_86' title='bbox 1024 877 1148 921; x_wconf 76' lang='lat' dir='ltr'>face?</span> 
     </span>
    </p>

    <p class='ocr_par' dir='ltr' id='par_1_10' title="bbox 163 938 1153 995">
     <span class='ocr_line' id='line_1_14' title="bbox 163 938 1153 995; baseline 0 -13"><span class='ocrx_word' id='word_1_87' title='bbox 163 941 209 983; x_wconf 87' lang='lat' dir='ltr'>in</span> <span class='ocrx_word' id='word_1_88' title='bbox 240 954 309 982; x_wconf 86' lang='lat' dir='ltr'>me</span> <span class='ocrx_word' id='word_1_89' title='bbox 339 942 461 994; x_wconf 84' lang='lat' dir='ltr'>tona,</span> <span class='ocrx_word' id='word_1_90' title='bbox 493 952 562 981; x_wconf 90' lang='lat' dir='ltr'>me</span> <span class='ocrx_word' id='word_1_91' title='bbox 593 938 698 995; x_wconf 87' lang='lat' dir='ltr'>fige,</span> <span class='ocrx_word' id='word_1_92' title='bbox 729 953 799 981; x_wconf 91' lang='lat' dir='ltr'>me</span> <span class='ocrx_word' id='word_1_93' title='bbox 830 938 959 981; x_wconf 84' lang='lat' dir='ltr'>velox</span> <span class='ocrx_word' id='word_1_94' title='bbox 991 941 1153 982; x_wconf 81' lang='lat' dir='ltr'>cremet</span> 
     </span>
    </p>

    <p class='ocr_par' dir='ltr' id='par_1_11' title="bbox 163 999 1305 1056">
     <span class='ocr_line' id='line_1_15' title="bbox 163 999 1305 1056; baseline -0.001 -12"><span class='ocrx_word' id='word_1_95' title='bbox 163 1002 406 1044; x_wconf 81' lang='lat' dir='ltr'>transactus</span> <span class='ocrx_word' id='word_1_96' title='bbox 435 999 551 1056; x_wconf 81' lang='lat' dir='ltr'>ignis</span> <span class='ocrx_word' id='word_1_97' title='bbox 578 1025 633 1029; x_wconf 83' lang='lat'>—</span> <span class='ocrx_word' id='word_1_98' title='bbox 662 1013 757 1042; x_wconf 87' lang='lat' dir='ltr'>sum</span> <span class='ocrx_word' id='word_1_99' title='bbox 790 1013 970 1054; x_wconf 87' lang='lat' dir='ltr'>nocens,</span> <span class='ocrx_word' id='word_1_100' title='bbox 1002 999 1142 1042; x_wconf 85' lang='lat' dir='ltr'>merui</span> <span class='ocrx_word' id='word_1_101' title='bbox 1174 999 1305 1043; x_wconf 88' lang='lat' dir='ltr'>mori:</span> 
     </span>
    </p>

    <p class='ocr_par' dir='ltr' id='par_1_12' title="bbox 165 1059 1226 1118">
     <span class='ocr_line' id='line_1_16' title="bbox 165 1059 1226 1118; baseline 0.001 -14"><span class='ocrx_word' id='word_1_102' title='bbox 165 1060 309 1118; x_wconf 86' lang='lat' dir='ltr'>placui</span> <span class='ocrx_word' id='word_1_103' title='bbox 339 1074 559 1103; x_wconf 84' lang='lat' dir='ltr'>novercae.</span> <span class='ocrx_word' id='word_1_104' title='bbox 623 1059 781 1117; x_wconf 83' lang='lat' dir='ltr'>dignus</span> <span class='ocrx_word' id='word_1_105' title='bbox 813 1074 868 1103; x_wconf 92' lang='lat' dir='ltr'>en</span> <span class='ocrx_word' id='word_1_106' title='bbox 900 1059 1062 1115; x_wconf 75' lang='lat' dir='ltr'>stupris</span> <span class='ocrx_word' id='word_1_107' title='bbox 1095 1060 1226 1117; x_wconf 64' lang='lat' dir='ltr'>ego?</span> 
     </span>
    </p>

    <p class='ocr_par' dir='ltr' id='par_1_13' title="bbox 166 1120 1542 1238">
     <span class='ocr_line' id='line_1_17' title="bbox 166 1120 1542 1178; baseline 0 -14"><span class='ocrx_word' id='word_1_108' title='bbox 166 1121 401 1176; x_wconf 80' lang='lat' dir='ltr'>scelerique</span> <span class='ocrx_word' id='word_1_109' title='bbox 431 1122 555 1163; x_wconf 85' lang='lat' dir='ltr'>tanto</span> <span class='ocrx_word' id='word_1_110' title='bbox 586 1120 705 1163; x_wconf 82' lang='lat' dir='ltr'>visus</span> <span class='ocrx_word' id='word_1_111' title='bbox 738 1134 820 1178; x_wconf 86' lang='lat' dir='ltr'>ego</span> <span class='ocrx_word' id='word_1_112' title='bbox 853 1120 972 1163; x_wconf 84' lang='lat' dir='ltr'>solus</span> <span class='ocrx_word' id='word_1_113' title='bbox 1003 1120 1087 1163; x_wconf 85' lang='lat' dir='ltr'>tibi</span> <span class='ocrx_word' id='word_1_114' title='bbox 1472 1131 1542 1165; x_wconf 80' lang='lat'>685</span> 
     </span>
     <span class='ocr_line' id='line_1_18' title="bbox 166 1179 1184 1238; baseline 0 -14"><span class='ocrx_word' id='word_1_115' title='bbox 166 1181 344 1225; x_wconf 81' lang='lat' dir='ltr'>materia</span> <span class='ocrx_word' id='word_1_116' title='bbox 374 1179 543 1224; x_wconf 74' lang='lat' dir='ltr'>facilis?</span> <span class='ocrx_word' id='word_1_117' title='bbox 575 1180 660 1224; x_wconf 90' lang='lat' dir='ltr'>hoc</span> <span class='ocrx_word' id='word_1_118' title='bbox 690 1191 812 1223; x_wconf 82' lang='lat' dir='ltr'>meus</span> <span class='ocrx_word' id='word_1_119' title='bbox 844 1181 1004 1225; x_wconf 84' lang='lat' dir='ltr'>meruit</span> <span class='ocrx_word' id='word_1_120' title='bbox 1034 1181 1184 1238; x_wconf 76' lang='lat' dir='ltr'>rigor?</span> 
     </span>
    </p>

    <p class='ocr_par' dir='ltr' id='par_1_14' title="bbox 167 1241 1210 1299">
     <span class='ocr_line' id='line_1_19' title="bbox 167 1241 1210 1299; baseline -0.001 -14"><span class='ocrx_word' id='word_1_121' title='bbox 167 1257 192 1285; x_wconf 94' lang='lat' dir='ltr'>o</span> <span class='ocrx_word' id='word_1_122' title='bbox 225 1241 382 1285; x_wconf 80' lang='lat' dir='ltr'>scelere</span> <span class='ocrx_word' id='word_1_123' title='bbox 413 1242 592 1284; x_wconf 84' lang='lat' dir='ltr'>vincens</span> <span class='ocrx_word' id='word_1_124' title='bbox 623 1255 751 1285; x_wconf 90' lang='lat' dir='ltr'>omne</span> <span class='ocrx_word' id='word_1_125' title='bbox 781 1241 1020 1284; x_wconf 80' lang='lat' dir='ltr'>femineum</span> <span class='ocrx_word' id='word_1_126' title='bbox 1054 1256 1210 1299; x_wconf 78' lang='lat' dir='ltr'>genus,</span> 
     </span>
    </p>

    <p class='ocr_par' dir='ltr' id='par_1_15' title="bbox 167 1301 1209 1359">
     <span class='ocr_line' id='line_1_20' title="bbox 167 1301 1209 1359; baseline 0 -14"><span class='ocrx_word' id='word_1_127' title='bbox 167 1302 213 1359; x_wconf 91' lang='lat' dir='ltr'>[o</span> <span class='ocrx_word' id='word_1_128' title='bbox 239 1302 378 1345; x_wconf 78' lang='lat' dir='ltr'>maius</span> <span class='ocrx_word' id='word_1_129' title='bbox 409 1316 514 1345; x_wconf 82' lang='lat' dir='ltr'>ansa</span> <span class='ocrx_word' id='word_1_130' title='bbox 543 1304 681 1346; x_wconf 87' lang='lat' dir='ltr'>matre</span> <span class='ocrx_word' id='word_1_131' title='bbox 713 1301 992 1345; x_wconf 83' lang='lat' dir='ltr'>monstrifera</span> <span class='ocrx_word' id='word_1_132' title='bbox 1022 1301 1209 1358; x_wconf 84' lang='lat' dir='ltr'>malum]</span> 
     </span>
    </p>

    <p class='ocr_par' dir='ltr' id='par_1_16' title="bbox 169 1362 1560 1540">
     <span class='ocr_line' id='line_1_21' title="bbox 169 1362 1560 1420; baseline 0.001 -15"><span class='ocrx_word' id='word_1_133' title='bbox 169 1362 385 1420; x_wconf 75' lang='lat' dir='ltr'>genetrice</span> <span class='ocrx_word' id='word_1_134' title='bbox 416 1362 554 1419; x_wconf 88' lang='lat' dir='ltr'>peior!</span> <span class='ocrx_word' id='word_1_135' title='bbox 586 1362 663 1405; x_wconf 84' lang='lat' dir='ltr'>illa</span> <span class='ocrx_word' id='word_1_136' title='bbox 695 1377 740 1405; x_wconf 88' lang='lat' dir='ltr'>se</span> <span class='ocrx_word' id='word_1_137' title='bbox 771 1365 943 1406; x_wconf 86' lang='lat' dir='ltr'>tantum</span> <span class='ocrx_word' id='word_1_138' title='bbox 976 1364 1129 1418; x_wconf 87' lang='lat' dir='ltr'>stupro</span> <span class='ocrx_word' id='word_1_139' title='bbox 1555 1402 1560 1407; x_wconf 75' lang='grc'>,</span> 
     </span>
     <span class='ocr_line' id='line_1_22' title="bbox 169 1423 1544 1478; baseline 0.001 -13"><span class='ocrx_word' id='word_1_140' title='bbox 169 1423 500 1478; x_wconf 79' lang='lat' dir='ltr'>contaminavit,</span> <span class='ocrx_word' id='word_1_141' title='bbox 531 1425 574 1465; x_wconf 89' lang='lat' dir='ltr'>et</span> <span class='ocrx_word' id='word_1_142' title='bbox 604 1425 752 1466; x_wconf 83' lang='lat' dir='ltr'>tamen</span> <span class='ocrx_word' id='word_1_143' title='bbox 766 1467 769 1471; x_wconf 79' lang='grc'><em>,</em></span> <span class='ocrx_word' id='word_1_144' title='bbox 782 1423 966 1466; x_wconf 86' lang='lat' dir='ltr'>tacitum</span> <span class='ocrx_word' id='word_1_145' title='bbox 999 1423 1073 1465; x_wconf 87' lang='lat' dir='ltr'>diu</span> <span class='ocrx_word' id='word_1_146' title='bbox 1473 1434 1544 1467; x_wconf 82' lang='grc'>690</span> 
     </span>
     <span class='ocr_line' id='line_1_23' title="bbox 170 1482 1088 1540; baseline -0.001 -14"><span class='ocrx_word' id='word_1_147' title='bbox 170 1483 332 1526; x_wconf 86' lang='lat' dir='ltr'>crimen</span> <span class='ocrx_word' id='word_1_148' title='bbox 364 1482 539 1526; x_wconf 88' lang='lat' dir='ltr'>biformi</span> <span class='ocrx_word' id='word_1_149' title='bbox 571 1485 721 1540; x_wconf 85' lang='lat' dir='ltr'>partus</span> <span class='ocrx_word' id='word_1_150' title='bbox 753 1482 952 1526; x_wconf 81' lang='lat' dir='ltr'>exhibuit</span> <span class='ocrx_word' id='word_1_151' title='bbox 983 1485 1088 1526; x_wconf 87' lang='lat' dir='ltr'>nota</span> 
     </span>
    </p>

    <p class='ocr_par' dir='ltr' id='par_1_17' title="bbox 170 1544 1052 1601">
     <span class='ocr_line' id='line_1_24' title="bbox 170 1544 1052 1601; baseline -0.001 -14"><span class='ocrx_word' id='word_1_152' title='bbox 170 1544 395 1600; x_wconf 86' lang='lat' dir='ltr'>scelusque</span> <span class='ocrx_word' id='word_1_153' title='bbox 425 1544 576 1586; x_wconf 82' lang='lat' dir='ltr'>matris</span> <span class='ocrx_word' id='word_1_154' title='bbox 606 1544 751 1601; x_wconf 88' lang='lat' dir='ltr'>arguit</span> <span class='ocrx_word' id='word_1_155' title='bbox 781 1544 908 1587; x_wconf 73' lang='lat' dir='ltr'>vultu</span> <span class='ocrx_word' id='word_1_156' title='bbox 938 1544 1052 1586; x_wconf 86' lang='lat' dir='ltr'>truci</span> 
     </span>
    </p>

    <p class='ocr_par' dir='ltr' id='par_1_18' title="bbox 170 1604 1161 1661">
     <span class='ocr_line' id='line_1_25' title="bbox 170 1604 1161 1661; baseline 0 -15"><span class='ocrx_word' id='word_1_157' title='bbox 170 1604 400 1661; x_wconf 83' lang='lat' dir='ltr'>ambiguus</span> <span class='ocrx_word' id='word_1_158' title='bbox 430 1604 573 1646; x_wconf 84' lang='lat' dir='ltr'>infans</span> <span class='ocrx_word' id='word_1_159' title='bbox 599 1629 655 1634; x_wconf 91' lang='lat'><em>-</em></span> <span class='ocrx_word' id='word_1_160' title='bbox 682 1604 757 1647; x_wconf 89' lang='lat' dir='ltr'>ille</span> <span class='ocrx_word' id='word_1_161' title='bbox 789 1607 832 1647; x_wconf 88' lang='lat' dir='ltr'>te</span> <span class='ocrx_word' id='word_1_162' title='bbox 863 1607 1016 1647; x_wconf 74' lang='lat' dir='ltr'>venter</span> <span class='ocrx_word' id='word_1_163' title='bbox 1046 1605 1161 1648; x_wconf 88' lang='lat' dir='ltr'>tulit.</span> 
     </span>
    </p>

    <p class='ocr_par' dir='ltr' id='par_1_19' title="bbox 171 1664 1049 1721">
     <span class='ocr_line' id='line_1_26' title="bbox 171 1664 1049 1721; baseline 0.001 -14"><span class='ocrx_word' id='word_1_164' title='bbox 171 1679 197 1707; x_wconf 94' lang='grc'>0</span> <span class='ocrx_word' id='word_1_165' title='bbox 228 1667 296 1708; x_wconf 85' lang='lat' dir='ltr'>ter</span> <span class='ocrx_word' id='word_1_166' title='bbox 327 1667 561 1721; x_wconf 73' lang='lat' dir='ltr'>quaterque</span> <span class='ocrx_word' id='word_1_167' title='bbox 593 1679 801 1721; x_wconf 85' lang='lat' dir='ltr'>prospero</span> <span class='ocrx_word' id='word_1_168' title='bbox 832 1664 924 1707; x_wconf 86' lang='lat' dir='ltr'>fato</span> <span class='ocrx_word' id='word_1_169' title='bbox 957 1664 1049 1708; x_wconf 82' lang='lat' dir='ltr'>dati</span> 
     </span>
    </p>

    <p class='ocr_par' dir='ltr' id='par_1_20' title="bbox 171 1724 1544 1901">
     <span class='ocr_line' id='line_1_27' title="bbox 171 1724 1544 1781; baseline 0.001 -15"><span class='ocrx_word' id='word_1_170' title='bbox 171 1739 281 1781; x_wconf 86' lang='lat' dir='ltr'>quos</span> <span class='ocrx_word' id='word_1_171' title='bbox 310 1725 455 1767; x_wconf 81' lang='lat' dir='ltr'>hausit</span> <span class='ocrx_word' id='word_1_172' title='bbox 487 1727 530 1767; x_wconf 83' lang='lat' dir='ltr'>et</span> <span class='ocrx_word' id='word_1_173' title='bbox 562 1726 744 1780; x_wconf 86' lang='lat' dir='ltr'>peremit</span> <span class='ocrx_word' id='word_1_174' title='bbox 775 1728 819 1768; x_wconf 86' lang='lat' dir='ltr'>et</span> <span class='ocrx_word' id='word_1_175' title='bbox 847 1725 937 1768; x_wconf 85' lang='lat' dir='ltr'>leto</span> <span class='ocrx_word' id='word_1_176' title='bbox 971 1724 1089 1768; x_wconf 82' lang='lat' dir='ltr'>dedit</span> <span class='ocrx_word' id='word_1_177' title='bbox 1474 1736 1544 1768; x_wconf 80' lang='lat'>695</span> 
     </span>
     <span class='ocr_line' id='line_1_28' title="bbox 173 1783 1394 1843; baseline 0.001 -15"><span class='ocrx_word' id='word_1_178' title='bbox 173 1784 319 1828; x_wconf 87' lang='lat' dir='ltr'>odium</span> <span class='ocrx_word' id='word_1_179' title='bbox 353 1785 563 1840; x_wconf 85' lang='lat' dir='ltr'>dolusque</span> <span class='ocrx_word' id='word_1_180' title='bbox 589 1811 644 1815; x_wconf 82' lang='lat'>—-</span> <span class='ocrx_word' id='word_1_181' title='bbox 673 1786 856 1843; x_wconf 82' lang='lat' dir='ltr'>genitor,</span> <span class='ocrx_word' id='word_1_182' title='bbox 886 1785 1060 1828; x_wconf 82' lang='lat' dir='ltr'>invideo</span> <span class='ocrx_word' id='word_1_183' title='bbox 1092 1785 1195 1829; x_wconf 80' lang='lat' dir='ltr'>tibi:</span> <span class='ocrx_word' id='word_1_184' title='bbox 1390 1783 1394 1787; x_wconf 72' lang='grc'><strong>’</strong></span> 
     </span>
     <span class='ocr_line' id='line_1_29' title="bbox 172 1844 1395 1901; baseline 0 -13"><span class='ocrx_word' id='word_1_185' title='bbox 172 1844 377 1888; x_wconf 83' lang='lat' dir='ltr'>Colchide</span> <span class='ocrx_word' id='word_1_186' title='bbox 407 1859 591 1888; x_wconf 84' lang='lat' dir='ltr'>noverca</span> <span class='ocrx_word' id='word_1_187' title='bbox 620 1845 760 1889; x_wconf 83' lang='lat' dir='ltr'>maius</span> <span class='ocrx_word' id='word_1_188' title='bbox 781 1844 916 1901; x_wconf 81' lang='lat' dir='ltr'>haec,</span> <span class='ocrx_word' id='word_1_189' title='bbox 948 1846 1088 1888; x_wconf 84' lang='lat' dir='ltr'>maius</span> <span class='ocrx_word' id='word_1_190' title='bbox 1120 1847 1285 1889; x_wconf 81' lang='lat' dir='ltr'>malum</span> <span class='ocrx_word' id='word_1_191' title='bbox 1318 1849 1395 1890; x_wconf 84' lang='lat' dir='ltr'>est.</span> 
     </span>
    </p>

    <p class='ocr_par' dir='ltr' id='par_1_21' title="bbox 171 1905 1240 1964">
     <span class='ocr_line' id='line_1_30' title="bbox 171 1905 1240 1964; baseline 0.002 -16"><span class='ocrx_word' id='word_1_192' title='bbox 171 1917 247 1948; x_wconf 84' lang='lat' dir='ltr'>PH.</span> <span class='ocrx_word' id='word_1_193' title='bbox 279 1905 337 1948; x_wconf 76' lang='lat' dir='ltr'>Et</span> <span class='ocrx_word' id='word_1_194' title='bbox 367 1906 462 1962; x_wconf 85' lang='lat' dir='ltr'>ipsa</span> <span class='ocrx_word' id='word_1_195' title='bbox 491 1908 663 1950; x_wconf 83' lang='lat' dir='ltr'>nostrae</span> <span class='ocrx_word' id='word_1_196' title='bbox 693 1906 783 1949; x_wconf 79' lang='lat' dir='ltr'>fata</span> <span class='ocrx_word' id='word_1_197' title='bbox 815 1920 1033 1964; x_wconf 86' lang='lat' dir='ltr'>cognosco</span> <span class='ocrx_word' id='word_1_198' title='bbox 1066 1907 1240 1950; x_wconf 83' lang='lat' dir='ltr'>domus:</span> 
     </span>
    </p>

    <p class='ocr_par' dir='ltr' id='par_1_22' title="bbox 170 1966 1287 2024">
     <span class='ocr_line' id='line_1_31' title="bbox 170 1966 1287 2024; baseline 0 -14"><span class='ocrx_word' id='word_1_199' title='bbox 170 1966 379 2024; x_wconf 84' lang='lat' dir='ltr'>fugienda</span> <span class='ocrx_word' id='word_1_200' title='bbox 408 1966 613 2022; x_wconf 84' lang='lat' dir='ltr'>petimus3</span> <span class='ocrx_word' id='word_1_201' title='bbox 646 1967 719 2009; x_wconf 85' lang='lat' dir='ltr'>sed</span> <span class='ocrx_word' id='word_1_202' title='bbox 750 1967 837 2010; x_wconf 86' lang='lat' dir='ltr'>mei</span> <span class='ocrx_word' id='word_1_203' title='bbox 867 1981 958 2010; x_wconf 89' lang='lat' dir='ltr'>non</span> <span class='ocrx_word' id='word_1_204' title='bbox 989 1981 1086 2009; x_wconf 84' lang='lat' dir='ltr'>sum</span> <span class='ocrx_word' id='word_1_205' title='bbox 1118 1970 1287 2022; x_wconf 83' lang='lat' dir='ltr'>potens.</span> 
     </span>
    </p>

    <p class='ocr_par' dir='ltr' id='par_1_23' title="bbox 170 2026 1548 2083">
     <span class='ocr_line' id='line_1_32' title="bbox 170 2026 1548 2083; baseline 0.001 -13"><span class='ocrx_word' id='word_1_206' title='bbox 170 2029 216 2077; x_wconf 82' lang='lat' dir='ltr'>te</span> <span class='ocrx_word' id='word_1_207' title='bbox 247 2027 317 2070; x_wconf 84' lang='lat' dir='ltr'>vel</span> <span class='ocrx_word' id='word_1_208' title='bbox 347 2041 425 2083; x_wconf 85' lang='lat' dir='ltr'>per</span> <span class='ocrx_word' id='word_1_209' title='bbox 454 2026 595 2083; x_wconf 83' lang='lat' dir='ltr'>ignes,</span> <span class='ocrx_word' id='word_1_210' title='bbox 625 2042 703 2082; x_wconf 81' lang='lat' dir='ltr'>per</span> <span class='ocrx_word' id='word_1_211' title='bbox 732 2042 850 2070; x_wconf 84' lang='lat' dir='ltr'>mare</span> <span class='ocrx_word' id='word_1_212' title='bbox 880 2028 1082 2070; x_wconf 81' lang='lat' dir='ltr'>insanum</span> <span class='ocrx_word' id='word_1_213' title='bbox 1117 2042 1275 2083; x_wconf 80' lang='lat' dir='ltr'>sequar</span> <span class='ocrx_word' id='word_1_214' title='bbox 1477 2038 1548 2071; x_wconf 80' lang='lat'>700</span> 
     </span>
    </p>
   </div>
   <div class='ocr_carea' id='block_1_3' title="bbox 173 2156 1550 2446">
    <p class='ocr_par' dir='ltr' id='par_1_24' title="bbox 173 2156 1550 2446">
     <span class='ocr_line' id='line_1_33' title="bbox 269 2156 1545 2207; baseline 0.002 -15"><span class='ocrx_word' id='word_1_215' title='bbox 269 2156 356 2192; x_wconf 65' lang='lat' dir='ltr'>sub</span> <span class='ocrx_word' id='word_1_216' title='bbox 385 2168 515 2193; x_wconf 66' lang='lat' dir='ltr'>vnum.</span> <span class='ocrx_word' id='word_1_217' title='bbox 547 2167 686 2204; x_wconf 83' lang='lat' dir='ltr'>magna</span> <span class='ocrx_word' id='word_1_218' title='bbox 717 2162 745 2193; x_wconf 82' lang='grc' dir='ltr'><strong>Ε</strong></span> <span class='ocrx_word' id='word_1_219' title='bbox 781 2160 887 2203; x_wconf 80' lang='lat' dir='ltr'>(corr.</span> <span class='ocrx_word' id='word_1_220' title='bbox 914 2158 963 2194; x_wconf 84' lang='lat' dir='ltr'>al.</span> <span class='ocrx_word' id='word_1_221' title='bbox 989 2160 1055 2203; x_wconf 88' lang='lat' dir='ltr'>m.)</span> <span class='ocrx_word' id='word_1_222' title='bbox 1098 2159 1111 2203; x_wconf 78' lang='grc' dir='ltr'>ΙΙ</span> <span class='ocrx_word' id='word_1_223' title='bbox 1154 2161 1224 2194; x_wconf 78' lang='grc'>673</span> <span class='ocrx_word' id='word_1_224' title='bbox 1252 2158 1450 2204; x_wconf 85' lang='lat' dir='ltr'>ecquando</span> <span class='ocrx_word' id='word_1_225' title='bbox 1481 2170 1511 2194; x_wconf 84' lang='grc' dir='ltr'><strong><em>α</em></strong></span> <span class='ocrx_word' id='word_1_226' title='bbox 1539 2158 1545 2207; x_wconf 72' lang='grc' dir='ltr'>Ι</span> 
     </span>
     <span class='ocr_line' id='line_1_34' title="bbox 174 2205 1547 2253; baseline 0 -11"><span class='ocrx_word' id='word_1_227' title='bbox 174 2205 318 2242; x_wconf 82' lang='lat' dir='ltr'>emittis</span> <span class='ocrx_word' id='word_1_228' title='bbox 343 2209 372 2241; x_wconf 79' lang='grc' dir='ltr'><strong><em>Ε</em></strong></span> <span class='ocrx_word' id='word_1_229' title='bbox 400 2206 548 2251; x_wconf 79' lang='lat' dir='ltr'>(probat</span> <span class='ocrx_word' id='word_1_230' title='bbox 572 2205 647 2245; x_wconf 83' lang='lat' dir='ltr'>Leo</span> <span class='ocrx_word' id='word_1_231' title='bbox 667 2217 706 2252; x_wconf 76' lang='lat' dir='ltr'>p.</span> <span class='ocrx_word' id='word_1_232' title='bbox 730 2208 819 2252; x_wconf 80' lang='lat'><em>381)</em></span> <span class='ocrx_word' id='word_1_233' title='bbox 858 2207 871 2253; x_wconf 76' lang='lat' dir='ltr'>ss</span> <span class='ocrx_word' id='word_1_234' title='bbox 908 2209 979 2242; x_wconf 78' lang='grc'>676</span> <span class='ocrx_word' id='word_1_235' title='bbox 1005 2217 1050 2242; x_wconf 88' lang='lat' dir='ltr'>ac</span> <span class='ocrx_word' id='word_1_236' title='bbox 1075 2207 1206 2242; x_wconf 80' lang='lat' dir='ltr'>uestra</span> <span class='ocrx_word' id='word_1_237' title='bbox 1229 2211 1258 2242; x_wconf 84' lang='lat' dir='ltr'><strong>E</strong></span> <span class='ocrx_word' id='word_1_238' title='bbox 1290 2208 1303 2253; x_wconf 80' lang='grc' dir='ltr'>ΙΙ</span> <span class='ocrx_word' id='word_1_239' title='bbox 1341 2209 1412 2243; x_wconf 75' lang='grc'>677</span> <span class='ocrx_word' id='word_1_240' title='bbox 1437 2206 1547 2252; x_wconf 78' lang='lat' dir='ltr'>syde-</span> 
     </span>
     <span class='ocr_line' id='line_1_35' title="bbox 173 2253 1549 2302; baseline 0.001 -12"><span class='ocrx_word' id='word_1_241' title='bbox 173 2254 273 2290; x_wconf 84' lang='lat' dir='ltr'>rium</span> <span class='ocrx_word' id='word_1_242' title='bbox 296 2258 326 2290; x_wconf 73' lang='lat' dir='ltr'><strong>E</strong></span> <span class='ocrx_word' id='word_1_243' title='bbox 351 2254 364 2300; x_wconf 74' lang='lat' dir='ltr'>n</span> <span class='ocrx_word' id='word_1_244' title='bbox 389 2257 458 2290; x_wconf 79' lang='grc'>678</span> <span class='ocrx_word' id='word_1_245' title='bbox 483 2253 633 2290; x_wconf 72' lang='lat' dir='ltr'>radiate</span> <span class='ocrx_word' id='word_1_246' title='bbox 657 2255 808 2290; x_wconf 84' lang='lat' dir='ltr'>tantum</span> <span class='ocrx_word' id='word_1_247' title='bbox 833 2265 881 2290; x_wconf 90' lang='lat' dir='ltr'>ne</span> <span class='ocrx_word' id='word_1_248' title='bbox 906 2254 1014 2290; x_wconf 82' lang='lat' dir='ltr'>nefas</span> <span class='ocrx_word' id='word_1_249' title='bbox 1040 2258 1068 2289; x_wconf 86' lang='lat' dir='ltr'><strong>E</strong></span> <span class='ocrx_word' id='word_1_250' title='bbox 1093 2255 1105 2300; x_wconf 70' lang='lat'>11</span> <span class='ocrx_word' id='word_1_251' title='bbox 1134 2257 1206 2290; x_wconf 77' lang='lat'>682</span> <span class='ocrx_word' id='word_1_252' title='bbox 1230 2254 1271 2290; x_wconf 86' lang='lat' dir='ltr'>in</span> <span class='ocrx_word' id='word_1_253' title='bbox 1295 2266 1358 2291; x_wconf 87' lang='lat' dir='ltr'>me</span> <span class='ocrx_word' id='word_1_254' title='bbox 1381 2254 1456 2302; x_wconf 80' lang='lat' dir='ltr'>fige</span> <span class='ocrx_word' id='word_1_255' title='bbox 1481 2257 1512 2290; x_wconf 73' lang='lat' dir='ltr'>A</span> <span class='ocrx_word' id='word_1_256' title='bbox 1535 2255 1549 2301; x_wconf 86' lang='grc' dir='ltr'>ΙΙ</span> 
     </span>
     <span class='ocr_line' id='line_1_36' title="bbox 175 2302 1550 2350; baseline 0 -12"><span class='ocrx_word' id='word_1_257' title='bbox 175 2305 248 2338; x_wconf 73' lang='grc'>684</span> <span class='ocrx_word' id='word_1_258' title='bbox 272 2302 410 2349; x_wconf 78' lang='lat' dir='ltr'>dignus</span> <span class='ocrx_word' id='word_1_259' title='bbox 437 2313 487 2338; x_wconf 86' lang='lat' dir='ltr'>an</span> <span class='ocrx_word' id='word_1_260' title='bbox 511 2305 541 2337; x_wconf 81' lang='grc' dir='ltr'><strong>Δ</strong></span> <span class='ocrx_word' id='word_1_261' title='bbox 559 2303 572 2349; x_wconf 88' lang='grc' dir='ltr'>ΙΙ</span> <span class='ocrx_word' id='word_1_262' title='bbox 590 2305 661 2338; x_wconf 87' lang='grc'>688</span> <span class='ocrx_word' id='word_1_263' title='bbox 686 2303 753 2339; x_wconf 80' lang='lat' dir='ltr'>del.</span> <span class='ocrx_word' id='word_1_264' title='bbox 780 2303 898 2339; x_wconf 80' lang='lat' dir='ltr'>Bothe</span> <span class='ocrx_word' id='word_1_265' title='bbox 915 2303 928 2349; x_wconf 76' lang='grc'>11</span> <span class='ocrx_word' id='word_1_266' title='bbox 947 2306 1014 2338; x_wconf 82' lang='grc'>691</span> <span class='ocrx_word' id='word_1_267' title='bbox 1037 2302 1213 2339; x_wconf 79' lang='lat' dir='ltr'>biformis</span> <span class='ocrx_word' id='word_1_268' title='bbox 1238 2306 1268 2338; x_wconf 82' lang='grc' dir='ltr'><strong>Δ</strong></span> <span class='ocrx_word' id='word_1_269' title='bbox 1292 2303 1458 2340; x_wconf 79' lang='lat' dir='ltr'>triformi</span> <span class='ocrx_word' id='word_1_270' title='bbox 1481 2307 1511 2338; x_wconf 78' lang='grc' dir='ltr'><strong>Ε</strong></span> <span class='ocrx_word' id='word_1_271' title='bbox 1537 2304 1550 2350; x_wconf 69' lang='grc' dir='ltr'><strong>η</strong></span> 
     </span>
     <span class='ocr_line' id='line_1_37' title="bbox 176 2350 1547 2398; baseline 0.001 -11"><span class='ocrx_word' id='word_1_272' title='bbox 176 2354 248 2387; x_wconf 75' lang='grc'>694</span> <span class='ocrx_word' id='word_1_273' title='bbox 273 2351 348 2387; x_wconf 82' lang='lat' dir='ltr'>sati</span> <span class='ocrx_word' id='word_1_274' title='bbox 373 2351 423 2387; x_wconf 93' lang='lat' dir='ltr'>N.</span> <span class='ocrx_word' id='word_1_275' title='bbox 445 2350 627 2387; x_wconf 76' lang='lat' dir='ltr'>Heinsius</span> <span class='ocrx_word' id='word_1_276' title='bbox 652 2362 692 2396; x_wconf 76' lang='lat' dir='ltr'>p.</span> <span class='ocrx_word' id='word_1_277' title='bbox 715 2353 765 2387; x_wconf 84' lang='grc'>68</span> <span class='ocrx_word' id='word_1_278' title='bbox 807 2351 820 2397; x_wconf 76' lang='lat' dir='ltr'>ss</span> <span class='ocrx_word' id='word_1_279' title='bbox 864 2354 933 2386; x_wconf 86' lang='grc'>695</span> <span class='ocrx_word' id='word_1_280' title='bbox 959 2363 1026 2388; x_wconf 84' lang='lat' dir='ltr'>om.</span> <span class='ocrx_word' id='word_1_281' title='bbox 1051 2358 1089 2395; x_wconf 84' lang='grc' dir='ltr'><strong>ψ</strong></span> <span class='ocrx_word' id='word_1_282' title='bbox 1112 2352 1116 2396; x_wconf 88' lang='grc' dir='ltr'>Ι</span> <span class='ocrx_word' id='word_1_283' title='bbox 1140 2351 1243 2387; x_wconf 82' lang='lat' dir='ltr'>ausit</span> <span class='ocrx_word' id='word_1_284' title='bbox 1266 2355 1295 2387; x_wconf 75' lang='grc' dir='ltr'>Ε</span> <span class='ocrx_word' id='word_1_285' title='bbox 1338 2353 1351 2398; x_wconf 79' lang='grc' dir='ltr'>ΙΙ</span> <span class='ocrx_word' id='word_1_286' title='bbox 1376 2355 1466 2393; x_wconf 71' lang='grc'><strong>,696</strong></span> <span class='ocrx_word' id='word_1_287' title='bbox 1489 2351 1547 2387; x_wconf 85' lang='grc'>111-</span> 
     </span>
     <span class='ocr_line' id='line_1_38' title="bbox 175 2398 1472 2446; baseline 0.001 -11"><span class='ocrx_word' id='word_1_288' title='bbox 175 2398 284 2435; x_wconf 77' lang='lat' dir='ltr'>uidet</span> <span class='ocrx_word' id='word_1_289' title='bbox 308 2403 358 2435; x_wconf 56' lang='lat' dir='ltr'>A!</span> <span class='ocrx_word' id='word_1_290' title='bbox 381 2402 394 2446; x_wconf 75' lang='lat' dir='ltr'>u</span> <span class='ocrx_word' id='word_1_291' title='bbox 413 2403 482 2436; x_wconf 70' lang='grc' dir='ltr'>6θῖ</span> <span class='ocrx_word' id='word_1_292' title='bbox 510 2398 708 2436; x_wconf 85' lang='grc' dir='ltr'>011010111ᾶο</span> <span class='ocrx_word' id='word_1_293' title='bbox 733 2402 762 2434; x_wconf 79' lang='grc' dir='ltr'><strong>Ε</strong></span> <span class='ocrx_word' id='word_1_294' title='bbox 785 2399 790 2445; x_wconf 92' lang='grc' dir='ltr'>Ι</span> <span class='ocrx_word' id='word_1_295' title='bbox 812 2399 883 2435; x_wconf 87' lang='grc'>1100</span> <span class='ocrx_word' id='word_1_296' title='bbox 908 2411 945 2436; x_wconf 89' lang='grc' dir='ltr'>ω</span> <span class='ocrx_word' id='word_1_297' title='bbox 971 2411 1062 2436; x_wconf 79' lang='lat' dir='ltr'>corr.</span> <span class='ocrx_word' id='word_1_298' title='bbox 1084 2399 1135 2435; x_wconf 87' lang='lat' dir='ltr'>N.</span> <span class='ocrx_word' id='word_1_299' title='bbox 1156 2399 1338 2436; x_wconf 75' lang='lat' dir='ltr'>Heinsius</span> <span class='ocrx_word' id='word_1_300' title='bbox 1361 2411 1399 2446; x_wconf 73' lang='lat' dir='ltr'>p.</span> <span class='ocrx_word' id='word_1_301' title='bbox 1422 2403 1472 2436; x_wconf 88' lang='grc'>68</span> 
     </span>
    </p>
   </div>
  </div>
 </body>
</html>
