1618 2554
620 134 927 170 PHOENISSAE
1384 136 1404 177 1
1414 135 1469 178 15

85 237 216 291 rupta
246 234 414 277 tenebit
445 233 539 276 illa:
567 234 659 276 iam
690 249 892 289 numeres
923 234 1030 277 licet
1401 245 1471 278 650

85 294 264 338 fratrem
296 295 411 338 inter
440 295 559 337 istos.

486 366 561 397 ET.
624 353 854 411 Numeret,
886 358 953 398 est
983 355 1098 398 tanti
1128 355 1241 399 mihi

85 430 186 460 cum
217 416 396 474 regibus
428 416 578 459 iacere.
641 418 685 459 te
717 416 871 459 turbae
903 416 1081 459 exulum

85 476 268 520 ascribo.
330 487 436 519 POL.
472 476 642 534 Regna,
675 476 911 522 dummodo
944 477 1111 520 invisus
1144 477 1243 520 tuis.

84 549 159 580 ΕΤ.
190 536 392 595 Regnare
423 552 515 581 non
545 537 643 580 vult
674 552 766 580 esse
799 538 876 593 qui
907 537 1076 581 invisus
1107 538 1251 581 timet:

85 598 218 642 simul
247 598 334 642 ista
364 597 518 641 mundi
550 598 752 641 eonditor
782 599 933 654 posuit
964 599 1087 653 deus,
1400 610 1470 642 655

85 658 235 702 odium
267 662 399 715 atque
429 673 633 716 regnum:
665 659 782 716 regis
812 658 898 702 hoc
930 660 1081 718 magni
1110 673 1221 715 reor,

84 719 185 763 odia
214 720 312 777 ipsa
342 734 550 777 premere.
613 720 754 763 multa
784 720 1084 763 dominantem
1116 723 1237 763 vetat

84 795 208 824 amor
239 795 437 838 suorum3
468 781 570 837 plus
602 781 649 823 111
680 781 814 824 iratos
846 781 962 824 licet.

85 842 161 897 qui
192 842 292 884 vult
319 841 474 897 amari,
504 841 714 899 languida
743 844 899 911 regnat
930 857 1074 886 manu.

83 913 175 945 loc.
207 900 356 945 Invisa
384 917 627 958 numquam
660 902 844 959 imperia
872 902 1118 946 retinentur
1150 902 1236 945 diu
1399 913 1469 946 660

83 974 158 1005 ΕΤ.
189 961 427 1019 Praecepta
457 963 614 1006 melius
646 964 805 1020 imperi
835 978 960 1021 reges
992 963 1177 1019 dabunt3

83 1023 215 1067 exilia
245 1027 295 1066 tu
326 1023 520 1080 dispone.
583 1038 663 1079 pro
695 1038 831 1081 regno
864 1025 997 1067 velim
1031 1049 1086 1054 —

83 1094 175 1127 100.
206 1083 400 1127 Patriam
433 1087 612 1140 penates
645 1085 877 1142 coniugem
909 1085 1099 1128 flammis
1131 1084 1262 1128 dare?

82 1156 157 1188 ΕΤ.
188 1144 378 1201 Imperia
409 1145 551 1202 pretio
585 1144 783 1201 quolibet
815 1149 1018 1189 constant
1048 1146 1168 1189 bene.

179 1267 252 1299 650
277 1264 436 1301 tenebat
459 1267 492 1299 A
513 1266 518 1311 Ι
540 1275 716 1300 numeres
741 1276 787 1301 ex
811 1265 979 1301 numeris
1004 1265 1054 1300 13¹
1096 1267 1110 1311 n
1152 1267 1219 1300 651
1243 1264 1463 1303 istos.1›o1,.

81 1323 238 1349 numero
265 1314 305 1349 et
330 1315 389 1349 est
414 1325 452 1350 ω
477 1324 571 1351 corr.
593 1314 641 1350 Β.
663 1313 831 1351 Schmidt
854 1314 900 1351 de
923 1325 988 1350 em
1015 1313 1100 1351 Son.
1121 1319 1216 1360 traq.
1234 1325 1275 1361 p.
1294 1315 1348 1351 20
1373 1315 1464 1360 (Pon.

80 1359 260 1398 Numero
305 1374 361 1398 m.
388 1361 451 1398 Me
476 1363 535 1398 est
558 1362 661 1398 tanti
686 1361 783 1398 mihi
808 1363 898 1399 Birt
926 1374 964 1409 p.
993 1363 1082 1409 523)
1125 1364 1138 1408 n
1180 1365 1253 1398 6⁶2
1277 1361 1402 1398 iacere
1427 1364 1467 1399 et

81 1409 167 1445 urbi
192 1410 348 1446 exulum
372 1414 402 1446 Ε
424 1413 430 1457 Ι
451 1412 491 1446 te
516 1412 543 1446 t.
565 1420 596 1446 e.
624 1415 659 1447 et
682 1423 714 1447 v.
737 1413 812 1447 653
836 1411 1006 1447 Iocastae
1031 1411 1174 1448 dantwr
1198 1414 1229 1446 A
1259 1412 1273 1458 η
1309 1414 1380 1447 656
1407 1422 1467 1447 as—

81 1458 197 1494 scribi
221 1462 252 1494 E
274 1461 279 1506 Ι
301 1460 412 1496 verba
437 1459 631 1506 Regna—
646 1459 724 1495 tuis
749 1460 927 1508 Polynici
951 1460 1019 1496 dat
1044 1459 1164 1497 Bothe
1187 1461 1200 1507 fl
1225 1462 1296 1496 654
1320 1473 1399 1496 ron.
1427 1472 1465 1497 ω

80 1518 173 1544 corr.
204 1507 317 1545 Grote
359 1510 372 1555 ΙΙ
417 1511 488 1544 656
518 1507 621 1555 regis
654 1511 693 1544 et
717 1511 749 1543 A
782 1509 859 1553 (ecl.
887 1507 1029 1555 Luyd.)
1068 1510 1081 1554 ΙΙ
1124 1511 1194 1544 667
1220 1507 1298 1545 ista
1321 1512 1354 1544 A
1387 1509 1464 1553 (ecl.

81 1555 224 1603 Luyd.)
268 1558 281 1603 ΙΙ
318 1559 443 1592 666-
451 1559 542 1592 668·
565 1556 751 1601 Iocastae,
791 1557 935 1593 6621)-
944 1560 1016 1593 664
1047 1557 1225 1604 Polynici
1255 1557 1396 1594 (lavatur
1423 1561 1466 1602 A,

81 1607 153 1640 660
172 1604 353 1649 locastae,
372 1609 439 1641 661
462 1606 640 1652 Polynici
663 1602 771 1651 (cor-r.
796 1605 937 1651 Grote),
963 1609 1034 1642 668
1057 1606 1237 1650 locastae,
1262 1609 1335 1641 664
1351 1606 1465 1653 Poly-

80 1653 159 1689 nici
186 1655 293 1698 (corr.
315 1654 410 1699 Leo)
437 1653 505 1690 dat
528 1655 680 1700 1311662
706 1665 855 1701 oppone
880 1658 910 1690 E

177 1714 450 1738 Pnomussmvx
487 1714 698 1738 Tmeonnu
735 1715 833 1738 mm·
869 1704 874 1749 1
908 1715 1041 1738 mmm
1080 1715 1203 1739 11119118
1233 1706 1263 1738 E
1297 1704 1466 1749 sequitur

79 1749 313 1798 Hippolytus
341 1754 372 1786 A
