1618 2554
122 110 145 152 7
150 109 177 152 6
458 94 464 99 '
556 107 595 142 L.
616 104 808 141 ANNAEI
835 102 1058 139 SENECAE

118 208 192 252 hic
223 206 459 250 excitabit?
491 206 573 248 hae
604 219 759 247 manus
791 202 966 246 Troiam
999 200 1199 259 erigent?
1427 209 1502 243 740

119 265 262 311 nullas
293 266 426 310 habet
458 281 554 322 spes
587 265 735 321 Troia,
767 265 804 307 si
837 264 944 307 tales
975 261 1120 305 habet.

120 343 211 371 non
242 328 304 371 sic
334 328 523 370 iacemus
555 326 707 381 Troes,
739 328 788 368 ut
820 325 1022 379 cuiquam
1055 326 1198 366 metus

120 388 339 446 possimus
372 403 475 431 esse.
537 387 716 443 spiritus
749 384 922 443 genitor
953 384 1087 427 facit?

121 449 197 493 sed
226 463 383 505 nempe
412 450 589 491 tra-ctus.
651 447 745 503 ipse
776 448 878 502 post
909 444 1084 487 Troiam
1117 446 1243 501 pater

121 509 339 566 posuisset
369 509 556 565 animos,
588 522 747 565 magna
778 521 887 563 quos
918 506 1128 562 frangunt
1160 505 1287 547 mala.
1431 513 1500 546 ⁷45

122 570 160 612 si
190 584 332 626 poena
362 569 538 625 petitur,
570 566 701 626 (quae
732 568 824 623 peti
856 567 1031 624 gravior
1061 565 1256 622 potest‘?)

121 630 333 673 famulare
366 630 480 673 00110
511 629 651 672 nobili
684 629 838 671 subeat
868 628 1040 685 iugum,

125 691 285 734 servire
316 690 455 733 liceat.
520 690 677 745 aliquis
707 689 794 732 hoc
824 689 918 745 regi
948 687 1110 744 negat?

123 762 250 793 VLIX.
282 749 387 794 Non
417 750 502 793 hoc
533 749 704 804 Vlixes,
739 750 814 792 sed
844 752 977 806 negat
1009 747 1198 791 Calchas
1223 746 1319 790 tibi.

124 823 266 854 ANDR.
299 809 335 853 O
368 811 641 854 machinator
670 810 836 853 fraudis
869 813 912 852 et
944 810 1155 852 scelerum
1187 807 1364 863 artifex,
1434 815 1504 849 750

125 872 287 915 virtute
319 873 441 914 cuius
474 872 630 914 bellica
661 886 789 913 nemo
823 870 1000 925 occidit,

127 932 238 975 dolis
270 934 314 975 et
345 934 442 974 astu
473 933 695 975 maleficae
727 932 888 974 mentis
919 931 1062 974 iacent

127 992 258 1036 etiam
289 991 480 1050 Pelasgi,
511 995 654 1035 vatem
688 995 731 1035 et
762 992 956 1035 insontes
989 991 1092 1034 deos

126 1053 402 1110 praetendis?
434 1053 519 1096 hoc
550 1057 615 1096 est
646 1053 835 1110 pectoris
867 1052 1037 1096 facinus
1069 1052 1147 1094 tui.

127 1116 339 1156 nocturne
370 1114 512 1170 1111105,
543 1114 669 1157 fortis
702 1114 748 1156 in
780 1113 905 1170 pueri
936 1127 1087 1156 necem
1438 1120 1507 1153 755

128 1173 215 1216 iam
248 1174 365 1216 solus
397 1175 528 1217 audes
560 1175 727 1230 aliquid
758 1177 801 1217 et
833 1175 950 1216 claro
983 1174 1063 1216 die.

129 1245 254 1276 VLIX.
287 1233 440 1277 Virtus
471 1234 615 1277 Vlixis
648 1234 856 1278 Danaidis
888 1238 994 1278 nota
1026 1237 1092 1276 est
1124 1233 1230 1276 satis

128 1294 345 1350 nimisque
376 1293 636 1352 Phrygibus.
700 1310 790 1338 non
820 1298 948 1338 vacat
978 1295 1102 1337 vanis
1134 1294 1248 1337 diem

133 1358 355 1398 conterere
386 1355 547 1398 verbis:
580 1370 761 1399 ancoras
793 1356 943 1398 classis
974 1355 1095 1412 legit.

130 1426 272 1458 ANDR.
305 1414 488 1458 Brevem
508 1431 676 1459 moram
695 1417 873 1474 largire,
897 1417 999 1459 dum
1021 1415 1217 1458 officium
1238 1428 1395 1471 parens
1441 1423 1511 1456 760

130 1477 235 1519 nato
268 1490 518 1532 supremum
550 1477 683 1520 reddo
716 1480 759 1520 et
791 1478 995 1533 amplexu
1027 1476 1185 1519 ultimo

135 1535 285 1579 avidos
317 1535 488 1579 dolores
521 1538 643 1580 satio.
705 1549 832 1579 Vle.
865 1537 1064 1580 Misereri
1095 1538 1162 1580 tui

131 1596 300 1639 utinam
331 1596 492 1640 liceret.
556 1598 673 1653 quod
703 1601 851 1641 tamen
883 1598 1025 1640 solum
1057 1598 1179 1653 licet,

132 1659 306 1712 tempus
337 1671 591 1714 moramque
623 1658 832 1701 dabimus.
897 1659 1076 1701 arbitrio
1108 1661 1187 1700 tuo

133 1716 315 1773 implere
345 1718 555 1760 lacrimis:
587 1718 715 1761 fletus
747 1734 975 1762 aerumnas
1007 1720 1134 1762 levat.
1443 1725 1512 1759 765

134 1788 277 1820 ANDR.
310 1775 346 1820 Ο
380 1779 504 1821 dulce
537 1779 696 1836 pignus
703 1812 715 1835 ,
748 1794 773 1822 o
807 1780 937 1822 decus
968 1780 1116 1835 lapsae
1148 1779 1304 1822 domus

135 1852 441 1894 summumque
472 1838 626 1881 Troiae
656 1840 808 1895 funus,
840 1855 865 1882 0
898 1839 1099 1883 Danaum
1131 1840 1278 1895 timor,

136 1898 368 1956 genetricis
402 1913 427 1941 o
460 1913 558 1954 spes
589 1914 719 1955 vana,
750 1900 821 1943 cui
853 1901 1029 1943 demens
1061 1914 1143 1958 ego

134 1958 284 2002 laudes
316 1959 508 2015 parentis
540 1959 735 2016 bellicas,
767 1975 904 2003 annos
937 1961 1006 2003 avi

136 2018 312 2062 demens
344 2019 564 2075 precabar,
594 2023 696 2062 vota
729 2021 927 2064 destituit
959 2021 1075 2063 deus.
1446 2030 1518 2063 770

235 2104 307 2136 ⁷44
325 2100 471 2137 fractus
483 2105 512 2136 Ε
532 2102 545 2147 ΙΙ
563 2105 634 2137 ’146
655 2113 753 2148 quae
768 2125 813 2129 —
826 2104 955 2149 potest
972 2104 1123 2140 uncinis
1136 2104 1288 2140 inclusit
1303 2102 1361 2140 M.
1373 2101 1519 2139 Malles·

135 2149 207 2186 Ph.
225 2160 263 2195 p.
283 2152 360 2185 263
384 2149 463 2185 coll.
489 2149 573 2185 Oed.
594 2152 671 2186 262
683 2162 709 2186 s.
731 2153 743 2197 ΙΙ
762 2154 831 2186 ’147
860 2151 999 2187 subdat
1018 2155 1047 2186 E
1065 2152 1078 2198 ΙΙ
1097 2155 1168 2187 750
1195 2163 1217 2188 0
1243 2151 1430 2188 scelerum
1446 2158 1486 2195 ψ

138 2200 209 2233 ’156
248 2208 268 2233 0
307 2197 410 2234 claro
441 2201 471 2234 E
502 2199 515 2244 ΙΙ
546 2201 615 2233 757
644 2198 780 2235 danais
811 2211 848 2235 ω
886 2210 977 2235 corr.
1010 2207 1048 2243 ψ
1080 2204 1092 2244 n
1123 2203 1194 2235 ’158
1225 2199 1420 2247 phygibus
1450 2202 1481 2234 B

137 2249 210 2282 ’15⁹
241 2245 346 2292 leget
375 2249 405 2281 B
436 2244 544 2292 legat
567 2249 599 2281 A
630 2258 721 2282 corr.
748 2255 786 2291 ψ
823 2249 836 2293 ss
873 2251 945 2283 ’160
976 2259 1059 2284 ΑΜ).
1092 2248 1180 2284 add.
1205 2247 1254 2283 ΖΕ2
1290 2249 1303 2294 ΙΙ
1340 2251 1407 2284 ’101
1438 2258 1517 2283 am-

137 2294 272 2341 plexus
302 2298 332 2330 E
375 2295 388 2341 ΙΙ
431 2297 504 2330 ’168
537 2294 666 2330 dolore
697 2299 726 2330 Ε
770 2296 783 2341 Η
825 2299 898 2331 ⁷64
934 2297 1162 2342 tempusque
1199 2306 1345 2332 moram
1383 2295 1419 2333 d.
1451 2293 1523 2344 1:st

138 2346 211 2379 ⁷66
235 2354 257 2379 0
284 2342 399 2379 decus
425 2353 448 2379 ο
473 2342 497 2378 1.
524 2346 554 2378 E
573 2344 585 2388 ΙΙ
613 2346 684 2378 769
710 2353 829 2379 annos
855 2345 971 2390 atque
995 2348 1024 2379 E
1050 2346 1062 2390 ss
1087 2348 1158 2380 770
1184 2345 1330 2381 medios
1356 2357 1394 2382 ω
1425 2355 1518 2381 corr.

140 2391 293 2428 Richter
316 2391 430 2438 symb.
445 2402 485 2437 p.
508 2393 558 2428 322
582 2389 710 2436 (toties
735 2391 826 2437 Leo)
849 2392 854 2436 Ι
877 2393 1023 2428 statuto
1049 2396 1098 2427 Δτ
