1618 2554
170 129 261 172 370
607 128 647 163 L.
668 126 858 163 ANNAEI
883 123 1106 163 SENECAE

167 228 424 283 ‘voltumque
455 226 645 284 mergis?
675 223 906 268 Herculem
939 225 1025 268 dici
1055 226 1181 268 tuum
1404 254 1406 256 -

170 290 359 344 partum‘
374 288 621 331 erubescis?
682 297 821 329 ALCM.
855 284 959 336 Quis
989 284 1128 328 feram
1160 284 1349 334 mundus
1375 298 1561 342 novam,

172 362 281 404 quae
312 351 426 391 terra
457 348 635 405 genuit?
668 346 837 402 quodve
869 349 957 388 tam
992 345 1133 388 dirum
1165 346 1288 389 nefas
1452 357 1548 390 1350

171 409 227 452 de
254 411 298 451 te
329 408 599 466 triumphat?
631 408 772 450 victor
801 405 1040 448 Herculeus
1074 405 1171 461 quis
1205 407 1298 449 est?

170 479 306 512 HERC.
339 464 513 524 Nuptae
546 468 756 510 iacentem
790 467 928 509 cernis
960 465 1144 510 Alciden
1177 466 1301 509 dolis.

119 577 124 582 ,
170 538 312 572 ALCM.
346 526 450 579 Quis
484 531 629 570 tantus
662 530 727 570 est
759 528 834 582 qui
865 527 1010 570 vincat
1042 525 1226 569 Alciden
1257 526 1413 572 dolus?

118 615 122 620 ι
170 599 307 631 HERC.
342 587 629 643 Quicumque,
661 590 809 641 mater,
840 587 1027 629 feminae
1059 588 1193 630 iratae
1226 590 1292 630 sat
1324 589 1400 630 est.

171 660 311 691 ALCM.
345 647 403 691 Et
431 649 543 691 unde
576 649 621 691 in
652 651 770 691 artus
802 648 936 703 pestis
968 650 1045 690 aut
1077 662 1175 690 ossa.
1206 647 1387 690 incidit?
1451 657 1545 691 1356

169 719 306 752 HERC.
338 708 517 751 Aditum
551 709 726 751 venenis
759 708 874 764 palla
905 707 1106 750 femineis
1138 707 1266 751 dedit.

172 779 312 812 ALCM.
347 768 532 811 Vbinam
569 770 650 811 ista
681 769 798 824 palla.
829 770 921 811 est?
966 768 1161 811 membra
1191 768 1355 812 nudata
1385 768 1543 812 intuor.

168 840 306 872 HERC.
340 827 606 884 Conmmpta
638 842 807 871 mecum
841 831 916 871 est.
967 839 1108 871 ALCM.
1141 827 1336 876 Tantane
1367 829 1546 872 inventa.

1030 892 1095 932 est
1125 889 1249 932 lues?

167 959 304 992 HERC.
336 947 490 991 Errare
522 950 674 991 mediis
708 948 830 992 crede
862 949 1099 992 visceribus
1131 951 1258 1005 meis,

168 1024 193 1052 o
225 1012 374 1064 mater,
405 1009 586 1065 hydram
618 1012 661 1052 et
693 1010 811 1052 mille
844 1024 942 1052 cum
973 1008 1115 1053 Lerna
1145 1010 1270 1055 feras.
1446 1020 1541 1054 1360

168 1083 277 1125 quae
307 1073 429 1113 tanta
460 1069 597 1112 nubes
629 1069 803 1112 flamma
836 1067 1028 1113 Sicanias
1062 1073 1196 1124 secat,

166 1144 276 1185 quae
306 1128 493 1172 Lemnos
525 1129 697 1185 ardens,
729 1144 838 1186 quae
870 1129 1000 1187 plaga
1030 1130 1206 1188 igniferi
1239 1130 1331 1188 poli

165 1191 315 1233 vetans
347 1189 549 1247 flagranti
581 1203 748 1233 currere
781 1190 825 1232 in
857 1196 965 1248 zona.
997 1190 1141 1234 diem?
1182 1203 1192 1211 ··

165 1250 211 1292 111
242 1251 336 1306 ipsa
367 1265 435 1294 me
467 1251 639 1304 iactate
672 1265 750 1306 pro
784 1251 980 1305 comites,
1011 1252 1122 1294 freta

166 1310 416 1367 mediosque
441 1311 488 1353 in
512 1324 660 1354 amnes
680 1336 737 1341 ——
759 1312 949 1366 quisfsat
975 1314 1040 1354 est
1065 1311 1216 1355 Hister
1241 1311 1380 1362 mihi?
1443 1322 1537 1355 1365

166 1385 256 1413 non
287 1371 381 1426 ipse
412 1371 536 1413 terris
570 1372 706 1413 maior
739 1369 934 1414 Oceanus
967 1386 1088 1415 meos

164 1431 336 1487 franget
366 1445 546 1486 vapores
555 1465 566 1486 7
599 1432 739 1474 omnis
771 1432 817 1474 in
847 1433 1011 1474 nostris
1040 1432 1169 1475 malis

165 1490 335 1534 deficiet
366 1505 503 1546 umor,
535 1492 675 1534 omnis
708 1495 870 1534 arescet
901 1493 1029 1535 latex.

165 1550 287 1606 quid,
318 1554 460 1593 rector
491 1551 641 1606 Erebi,
672 1567 741 1594 me
772 1552 1023 1595 remittebas
1055 1551 1180 1596 Iovi?

164 1610 307 1654 decuit
337 1614 500 1666 tenere3
530 1611 658 1654 redde
691 1628 758 1655 me
791 1613 979 1656 tenebris
1012 1613 1119 1669 tuis,
1443 1624 1538 1656 1370

163 1671 293 1714 talem
327 1671 515 1715 subactis
550 1671 779 1716 Herculem
813 1673 990 1715 ostende
1022 1673 1183 1716 inferis.

165 1731 229 1773 nil
263 1731 360 1773 inde
393 1731 563 1786 ducam,
596 1733 699 1787 quid
731 1733 857 1775 times
891 1734 1046 1776 iterum
1080 1732 1342 1782 Herculem?

164 1791 336 1846 invade,
369 1806 503 1848 mors,
534 1807 622 1835 non
656 1793 838 1848 trepida:
872 1794 957 1836 iam
990 1808 1167 1849 possum
1199 1794 1322 1837 mori.

163 1862 302 1893 ALCM.
336 1849 570 1907 Compesce
602 1853 801 1895 lacrimas
836 1854 987 1897 saltem
1021 1857 1063 1896 et
1095 1869 1321 1898 aerumnas
1354 1854 1482 1897 doma,

164 1912 374 1966 malisque
407 1913 540 1954 tantis
572 1911 801 1956 Herculem
837 1914 1097 1957 indomitum
1129 1914 1242 1958 refer
1443 1924 1535 1958 1375

163 1974 434 2026 mortemque
466 1973 607 2014 differ:
642 1989 750 2028 quos
783 1975 913 2029 soles,
945 1975 1069 2017 vince
1101 1974 1275 2018 inferos.
1341 2011 1343 2013 .

258 2117 345 2148 1348
373 2113 596 2160 uultumque
617 2115 755 2161 mergis
776 2119 804 2149 E
829 2127 865 2150 u.
886 2127 1058 2152 maerens
1077 2120 1107 2151 A
1126 2119 1138 2162 ῃ
1157 2120 1247 2152 1350
1273 2116 1450 2164 quodque
1468 2119 1498 2151 B
1523 2117 1538 2161 l}

161 2165 251 2197 1354
284 2162 504 2207 cuicumque
531 2174 577 2197 m.
605 2163 747 2198 femina
772 2164 870 2198 irata
897 2176 923 2199 s.
952 2175 981 2200 e.
1016 2168 1044 2199 Ε
1082 2167 1093 2211 Η
1129 2168 1219 2200 1355
1259 2165 1299 2209 al:
1323 2164 1424 2201 unde
1455 2167 1487 2200 Δ
1522 2166 1534 2211 ΙΙ

162 2213 252 2245 1356
278 2209 441 2247 feminea
459 2214 488 2246 E
507 2212 520 2257 u
539 2214 626 2245 13⁵⁷
654 2211 738 2256 ipsa
764 2214 790 2245 A
809 2213 821 2257 Η
840 2215 929 2247 1359
948 2213 1094 2249 medies
1114 2213 1164 2249 N.
1178 2213 1363 2251 Heinsius
1377 2215 1509 2259 122280
1525 2213 1530 2258 Ι

163 2258 275 2294 credo
302 2261 331 2293 A
350 2260 363 2305 ΙΙ
381 2261 465 2293 1361
492 2258 643 2294 Sicania
670 2261 772 2294 secat
797 2263 826 2294 E
854 2259 1023 2296 Sicanias
1049 2261 1149 2296 bibit
1174 2265 1204 2296 A
1235 2262 1247 2307 ΙΙ
1278 2260 1368 2306 1368
1393 2260 1534 2300 inferni

161 2319 197 2352 p.
224 2310 254 2342 A
274 2308 285 2352 η
305 2310 394 2342 1363
420 2308 527 2342 uetat
552 2311 580 2342 Ε
599 2309 718 2351 111365
746 2308 810 2352 qui
836 2311 864 2342 Ε
884 2310 895 2351 Η
914 2312 1004 2343 1370
1029 2309 1151 2344 teneri
1176 2312 1204 2344 Ε
1232 2312 1244 2355 ΙΙ
1269 2311 1355 2345 1371
1405 2308 1532 2345 nalem

162 2357 188 2391 s.
216 2355 250 2390 h.
280 2354 454 2390 ostendes
477 2358 507 2390 Ε
526 2356 538 2400 ,η
558 2358 647 2390 1372
672 2355 790 2390 nichil
816 2355 993 2392 inducam
1020 2360 1048 2392 E
1068 2358 1079 2403 ΙῙ
1099 2360 1188 2393 1373
1214 2368 1262 2393 ne
1287 2358 1387 2403 trepi
1416 2367 1439 2392 a
1464 2361 1493 2392 Ε
1520 2357 1533 2406 Η

161 2407 253 2438 1374
279 2413 462 2450 erumpas,
486 2407 514 2437 Ε
535 2405 546 2448 ἕξ
566 2406 654 2438 1376
679 2415 727 2438 m.
755 2405 865 2439 uince
890 2407 920 2439 Δ
944 2406 947 2449 ξ
971 2405 1070 2449 quod
1097 2408 1163 2440 EA
1188 2417 1280 2443 corr.
1301 2413 1338 2449 ψ
