1618 2554
679 123 910 162 TROADES
1431 128 1487 172 81

105 238 232 269 suam
260 223 500 279 vocabunt,
531 227 577 268 te
607 224 754 268 datam
786 224 957 282 Pyrrho
989 239 1113 269 socer

102 284 260 330 Peleus
290 299 452 328 nurum
482 284 659 328 vocabit
689 288 734 330 et
763 284 937 330 Nereus
964 301 1136 330 nurum.

104 345 275 403 depone
306 346 451 390 cultus
483 346 724 402 squalidos,
757 345 894 391 festos
926 361 1051 404 cape,

104 406 277 451 dedisce
309 409 501 464 captam3
533 407 727 464 deprime
758 407 977 452 horrentis
1009 422 1156 452 comas

103 468 356 524 crinemque
387 467 516 511 docta
546 470 696 524 patere
727 468 939 527 distingui
970 483 1115 513 manu.
1418 480 1489 514 885

103 528 178 572 hio
207 528 395 572 forsitan
424 531 469 572 te
501 543 626 572 casus
658 530 830 573 excelso
861 530 1003 588 magis

104 589 217 633 solio
248 591 443 646 reponet.
506 589 675 646 profuit
703 590 855 634 multis
888 591 997 648 capi.

195 661 341 694 ANDR.
378 649 478 693 Hoc
509 650 631 694 derat
660 666 799 694 unum
830 651 1080 710 Phrygibus
1113 653 1274 696 eversis
1306 653 1491 709 malum,

105 711 294 770 gaudere
326 736 380 743 —
416 711 604 769 flagrant
635 714 771 755 strata
803 713 965 769 passim
997 712 1228 770 Pergama:

104 786 132 815 o
165 772 394 830 coniugale
425 773 617 829 tempus!
649 788 707 815 an
737 773 970 830 quisquam
1000 774 1159 817 audeat
1418 786 1490 818 890

102 832 293 891 negare?
324 834 556 889 quisquam
588 833 747 876 dubius
778 834 833 877 ad
864 834 1082 878 thalamos
1114 838 1202 891 eat,

105 908 218 949 quos
249 892 418 937 Helena
450 894 633 938 suadet?
664 895 800 951 pestis
833 895 1015 938 exitium
1045 897 1140 939 lues

105 954 335 1011 utriusque
366 955 539 1012 populi,
571 956 710 998 cernis
742 955 824 999 hos
855 957 1051 1000 tumulos
1083 957 1243 1000 ducum

105 1018 150 1058 et
180 1014 297 1058 nuda
327 1016 434 1058 totis
467 1030 565 1058 ossa
597 1031 708 1072 quae
740 1016 903 1072 passim
935 1018 1079 1061 iacent

105 1076 334 1120 inhumata
367 1077 564 1133 campis?
594 1076 702 1120 haec
733 1078 896 1133 hymen
928 1078 1087 1135 sparsit
1118 1081 1232 1122 tuus.
1416 1090 1488 1123 895

104 1136 190 1179 tibi
220 1135 349 1180 fluxit
379 1136 529 1192 Asiae,
560 1137 690 1181 fluxit
720 1137 923 1195 Europae
955 1142 1107 1194 eruor)

106 1211 206 1240 cum
239 1198 495 1241 dimicantes
526 1199 645 1241 lenta
677 1199 948 1255 prospiceres
980 1200 1117 1251 viros,

106 1260 273 1301 incerta
303 1259 396 1302 voti
431 1284 482 1289 -
519 1273 670 1316 perge,
701 1258 919 1303 thalamos
950 1275 1125 1317 appara.

104 1319 244 1362 taedis
277 1318 382 1376 quid
414 1334 525 1376 opus
557 1323 623 1363 est
655 1320 814 1375 quidve
847 1322 1032 1364 solemni
1062 1321 1187 1365 face?

105 1380 213 1435 quid
242 1380 374 1439 igne?
404 1379 610 1423 thalamis
641 1380 774 1424 Troia
804 1381 1029 1438 praelucet
1059 1383 1196 1425 novis.
1419 1395 1490 1426 eoo

106 1440 322 1484 celebrate
354 1440 530 1497 Pyrrhi,
563 1440 772 1498 Troades,
803 1442 1010 1498 conubia,

107 1501 322 1545 celebrate
354 1501 502 1559 digne:
535 1502 738 1558 planctus
770 1506 814 1546 et
846 1504 1035 1562 gemitus
1068 1507 1203 1548 sonet

106 1573 216 1605 ΗΕΒ.
248 1561 437 1606 Ratione
469 1564 668 1632 quamvis
700 1567 845 1608 careat
877 1567 921 1608 et
950 1564 1070 1608 flecti
1101 1570 1232 1633 neget

106 1637 294 1693 magnus
326 1623 453 1667 dolor
482 1625 710 1680 sociosque
742 1639 1073 1682 nonnumquam
1100 1627 1167 1668 sui

106 1684 316 1727 maeroris
347 1684 467 1741 ipsos
499 1685 658 1728 oderit:
690 1700 867 1729 causam
897 1689 1047 1729 tamen
1418 1697 1488 1730 905

107 1758 288 1801 possum
319 1746 434 1788 tueri
465 1745 607 1789 iudice
637 1746 797 1790 infesto
830 1761 992 1803 meam,

107 1805 309 1863 graviora
340 1820 478 1862 passa.
541 1807 666 1865 luget
695 1805 1004 1851 Andromacha
1034 1806 1270 1851 Hectorem

107 1868 153 1909 et
182 1865 365 1910 Hecuba
395 1865 637 1910 Priamum:
669 1869 789 1911 solus
821 1869 992 1912 occulte
1023 1867 1147 1912 Paris

105 1926 323 1985 lugendus
353 1926 547 1971 Helenae
580 1931 655 1972 est.
711 1929 852 1972 dirum
885 1931 930 1972 et
959 1929 1149 1972 invisum
1182 1933 1226 1973 et
1258 1944 1390 1988 grave
1423 1933 1489 1972 est

107 1988 284 2031 servitia
314 1987 456 2031 ferre?
488 1989 634 2045 patior
662 1989 748 2033 hoc
780 1990 923 2033 olim
912 2005 1085 2048 iugum,
1417 2002 1489 2034 {om

106 2048 234 2091 annis
265 2049 414 2093 decem
446 2050 630 2106 captiva
685 2053 953 2106 pioetratum
985 2049 1112 2094 Ilium
1148 2054 1230 2106 est,

106 2109 222 2152 versi
253 2110 462 2166 penates?
493 2110 673 2167 perdere
705 2114 771 2154 est
802 2112 988 2168 patriam
1021 2126 1172 2168 grave,

107 2170 284 2227 gravius
315 2171 480 2214 timere.
542 2185 621 2214 vos
651 2171 769 2215 levat
800 2173 912 2216 tanti
942 2173 1048 2215 mali

205 2279 277 2312 ⁸84
295 2275 491 2314 horrentes
511 2280 572 2324 Af}
591 2281 657 2314 891
677 2278 810 2314 deuius
830 2282 860 2314 Ε
878 2281 891 2325 {i
910 2282 980 2315 893
1000 2280 1072 2315 hoc
1091 2284 1120 2314 Ε
1140 2281 1153 2312 'l
1172 2282 1242 2315 885
1261 2290 1374 2326 ymen
1394 2283 1480 2319 EQ

108 2326 178 2359 80³1
198 2323 302 2361 laeta
320 2327 458 2362 31898
479 2327 579 2363 uotis
598 2330 649 2363 A
659 2326 757 2375 Γ900
776 2326 867 2364 nobi
854 2339 887 2363 15
906 2331 961 2374 E,
974 2331 1041 2363 901
1061 2328 1251 2364 connubia
1269 2328 1409 2375 Δ11908
1430 2340 1471 2363 so

107 2373 277 2468 nBeelfftlAey!
293 2367 374 2409 808
392 2374 462 2411 soli
482 2376 524 2411 at
543 2344 723 2413 Swobbda
740 2379 844 2422 1908
869 2387 908 2412 es
928 2362 978 2411 Δὶ
1005 2377 1130 2423 {dum
1109 2389 1170 2412 um
1189 2380 1221 2412 A
1238 2379 1251 2423 ἧς
1270 2379 1337 2412 818
1356 2378 1487 2412 tantae

181 2487 285 2516 Snxc
311 2496 571 2518 suaserunt.
1250 2489 1270 2521 6
