1618 2554
655 104 864 141 OEDIPVS
1360 107 1416 150 21
1425 108 1447 150 l

73 215 96 246 s
137 217 182 248 D.
213 203 274 248 Et
305 205 403 261 quis
434 207 686 261 peremptor
716 204 870 248 incluti
902 205 1018 262 regis
1049 205 1164 249 fuit?

71 249 202 322 q⁴³d⁷em
234 267 447 309 memoret
479 265 556 308 ede
588 263 810 321 Phoebus,
842 268 892 308 ut
924 279 1086 321 poenas
1118 265 1223 309 luat.

73 337 142 370 cn.
176 324 245 370 Sit
276 339 430 382 precor
461 325 622 368 dixisse
653 327 798 368 tutum
831 326 927 368 visu
960 327 1003 369 et
1035 326 1187 370 auditu
1220 326 1415 383 horrida3

69 389 222 443 torpor
253 386 414 429 insedit
445 402 523 442 per
553 388 694 440 artus,
723 385 909 443 frigidus
943 387 1120 444 sanguis
1152 387 1251 430 coit.

69 450 119 490 ut
151 450 318 491 sacrata
350 446 515 503 templa
546 445 714 489 Phoebi
747 447 935 503 supplici
966 447 1126 490 intravi
1156 448 1265 503 pede
1382 458 1452 491 225

69 509 114 550 et
145 508 240 564 pias
272 521 435 550 numen
467 509 667 563 precatus
699 507 782 549 rite
815 507 1012 551 summisi
1044 523 1218 563 manus,

69 569 243 626 gemina
274 567 455 612 Parnasi
486 568 642 610 nivalis
675 583 751 610 arx
784 570 950 611 trucem
982 569 1205 612 fremitum
1239 569 1376 626 ‹ledit3

68 629 302 673 imminens
332 627 536 672 Phoebea
566 629 715 671 laurus
746 630 926 671 tremuit
958 632 1001 671 et
1032 629 1172 672 movit
1203 644 1373 673 comam

67 705 119 734 ac
149 692 328 747 repente
360 692 508 732 sancta
539 689 675 731 fontis
706 688 887 744 lympha
920 687 1098 733 Castalii
1131 690 1263 733 stetit.

67 750 222 807 incipit
253 749 390 793 Letoa
421 752 542 792 vates
575 763 777 806 spargere
808 750 1034 793 horrentes
1067 765 1214 794 comas
1381 762 1452 795 230

67 814 110 854 et
141 811 234 867 pati
266 812 485 854 commota
517 809 762 867 Phoebum3
805 810 994 868 contigit
1032 811 1226 854 nondum
1261 827 1452 870 specum,

67 873 226 916 emicat
257 874 381 914 vasto
413 871 586 927 fragore
620 871 760 913 maior
790 870 982 914 humano
1015 886 1166 915 sonus:

127 933 251 976 mitia
285 930 483 975 Cadmeis
515 931 771 974 remeabunt
803 931 942 974 sidera
973 930 1155 988 Thebis,

127 994 164 1036 si
195 992 409 1050 profugus
442 991 604 1034 Dircen
635 991 852 1034 Ismenida
883 993 1063 1048 liqueris
1096 993 1255 1049 hospes

125 1054 241 1112 regis
268 1053 396 1097 caede
421 1067 595 1107 nocens,
620 1051 798 1095 Phoebo
826 1053 912 1095 iam
937 1056 1069 1096 notus
1096 1056 1140 1096 et
1163 1053 1317 1102 infans.
1379 1065 1450 1098 235

125 1129 205 1158 nec
236 1114 318 1156 tibi
349 1114 483 1170 longa
515 1116 692 1156 manent
724 1114 957 1156 sceleratae
989 1114 1148 1171 gaudia
1180 1115 1341 1159 caedis:

126 1178 270 1218 tecum
303 1174 417 1217 bella
450 1189 591 1231 geres,
623 1174 736 1216 natis
770 1188 943 1230 quoquc
976 1174 1090 1217 bella
1122 1174 1371 1231 relinquens

124 1236 287 1292 turpia,
320 1238 539 1277 maternos
572 1235 730 1276 iterum
764 1234 987 1278 revolutus
1019 1237 1065 1277 in
1098 1238 1232 1278 ortus.

64 1367 173 1399 OED.
208 1355 335 1406 Quod
365 1355 507 1399 facere
539 1356 710 1398 monitu
743 1356 946 1398 caelitum
981 1356 1122 1399 iussus
1154 1371 1273 1413 paro,

60 1416 203 1460 fumeti
236 1416 452 1459 cineribus
484 1416 599 1473 regis
631 1416 717 1459 hoc
749 1416 894 1459 decuit
926 1416 1036 1472 dari,
1378 1429 1448 1461 240

61 1492 116 1520 ne
149 1479 299 1521 sancta
331 1477 562 1534 quisquam
596 1479 766 1532 sceptra
798 1477 980 1521 violaret
1013 1477 1126 1520 dolo.

61 1538 156 1596 regi
186 1538 349 1581 tuenda
381 1537 569 1580 maxime
601 1551 754 1595 regum
787 1541 852 1581 est
885 1537 1020 1580 salus:

62 1601 186 1642 curat
216 1601 491 1655 peremptum
523 1612 652 1640 nemo
685 1613 814 1654 quem
847 1597 1112 1641 incolumem
1145 1599 1282 1641 timet.

63 1669 132 1702 CR.
168 1657 326 1701 Curam
358 1658 574 1714 perempti
606 1659 745 1701 maior
777 1659 967 1701 excussit
999 1660 1142 1702 timor.

61 1730 170 1762 OED.
203 1718 331 1762 Pium
364 1718 590 1775 prohibuit
621 1719 738 1762 ullus
770 1719 965 1762 officium
997 1720 1172 1763 metus?
1376 1731 1446 1764 245

61 1790 131 1823 CR.
166 1778 337 1836 Sphinx
369 1782 413 1823 et
444 1778 620 1822 nefandi
652 1780 855 1823 carminis
888 1781 1033 1823 tristes
1066 1781 1220 1823 minae.

61 1851 169 1883 OED.
202 1839 333 1883 Nunc
365 1841 564 1896 expietur
595 1841 825 1883 numinum
856 1841 1041 1896 imperio
1075 1840 1227 1884 scelus.

151 1899 356 1956 Quisquis
390 1901 569 1943 deorum
602 1916 736 1958 regna
768 1902 964 1957 placatus
997 1901 1136 1944 vides:

58 1963 127 2017 tu,
158 1963 207 2004 tu
240 1976 371 2018 penes
405 1975 533 2016 quem
567 1962 663 2004 iura
694 1962 944 2018 praecipitis
977 1961 1068 2018 poli

155 2107 226 2139 223
247 2105 356 2139 tuum
370 2107 418 2139 Δτ
436 2105 439 2152 Ι
458 2116 526 2151 asp
530 2106 615 2140 ectu
629 2104 783 2140 horrido
798 2107 847 2140 Δτ
859 2104 1070 2152 <horridum
1085 2106 1127 2150 α)
1147 2106 1159 2151 ΙΙ
1178 2108 1249 2140 225
1271 2104 1445 2152 supplice

59 2153 217 2198 Bentley
235 2154 248 2199 ΙΙ
267 2156 337 2188 227
366 2163 451 2188 arsx
475 2118 526 2188 Ep
529 2155 533 2199 Ι
556 2153 723 2188 sonitum
750 2153 858 2190 dedit
882 2155 913 2189 A
938 2154 950 2198 ΙΙ
976 2156 1046 2188 228
1079 2153 1199 2189 movit
1223 2153 1379 2190 domum
1405 2166 1442 2190 ω

57 2211 150 2237 corr.
169 2201 246 2237 Leo
265 2201 277 2246 Η
295 2204 368 2236 229
393 2201 495 2237 sicca
520 2201 638 2237 fontis
665 2202 822 2249 Bentley
844 2204 848 2247 Ι
873 2200 1061 2247 casphalii
1087 2205 1115 2237 Ε
1135 2203 1147 2248 Ν
1166 2205 1238 2237 230
1264 2201 1392 2238 lethea
1412 2205 1443 2236 A

56 2247 160 2285 loeta
180 2252 208 2284 Ε
235 2260 328 2285 corr.
350 2249 400 2286 N.
415 2249 601 2286 Heinsius
621 2250 734 2295 l.n.1‚
753 2253 824 2285 288
850 2249 1010 2296 phoebis
1030 2253 1059 2284 E
1078 2251 1090 2295 11
1109 2253 1182 2285 234
1207 2250 1363 2296 liquerit
1382 2254 1411 2285 E
1430 2251 1443 2297 ss

56 2300 127 2332 285
155 2297 303 2333 instans
328 2300 357 2332 Ε
382 2298 395 2343 ΙΙ
419 2301 488 2333 237
516 2298 708 2344 relinques
734 2301 765 2333 Δ
789 2300 802 2344 Η
826 2302 897 2334 238
923 2299 1054 2343 turpes
1080 2302 1108 2333 Ε
1141 2299 1265 2345 turpis
1292 2301 1322 2333 Δ
1348 2309 1439 2335 corr.

59 2345 108 2382 Ν.
130 2345 314 2382 Heinsius
333 2357 373 2391 p.
396 2349 470 2382 170
492 2348 496 2391 Ι
518 2346 651 2382 hortus
677 2351 706 2382 Ε
732 2348 744 2392 Η
768 2350 839 2382 243
866 2346 1018 2392 quaerit
1036 2358 1073 2382 ω
1101 2347 1272 2391 queritur
1292 2358 1321 2383 οι
1347 2357 1438 2383 corr.

57 2393 100 2430 de
126 2394 373 2430 Wilamowitz
392 2395 405 2440 ΙΙ
422 2397 495 2429 246
522 2394 651 2440 Spinx.
679 2398 718 2431 et
742 2394 817 2431 nef.
843 2399 872 2430 E
897 2393 1102 2440 prohibent
1126 2395 1202 2431 nef.
1228 2399 1259 2430 A

1149 2455 1217 2491 14*
