1618 2554
163 114 252 157 350
599 113 638 149 L.
660 113 851 150 ANNAEI
877 111 1096 148 SENECAE

162 229 296 256 unum
330 214 442 256 inter
475 213 614 255 omnis
648 212 843 267 sequitur
874 215 918 254 et
949 211 1118 266 quaerit
1148 210 1325 254 Lichan.

161 274 415 329 complexus
446 288 542 315 aras
573 273 646 315 ille
677 272 950 315 tremibunda
983 286 1113 315 manu
1463 282 1537 315 810

160 337 345 376 mortem
379 337 496 376 metu
530 334 799 389 consumpsit
831 335 883 374 et·
905 346 1087 388 parvum
1119 332 1187 374 sui

120 439 126 445 ,
159 409 323 450 poenae
356 394 542 449 reliquit.
606 393 794 448 dumque
826 391 1134 435 moribundum
1168 407 1299 435 manu

160 455 302 497 tenuit
333 454 530 496 cadaver:
564 453 661 496 ‘hac
692 468 842 508 manu,
872 452 971 496 hac'
1000 452 1148 507 'inquit
1179 452 1321 507 ‘fei-ar,

160 528 185 556 ο
217 516 328 569 fata,
360 515 530 557 victus?
562 513 794 556 Herculem
827 513 932 555 vicit
962 512 1148 555 Lichas?

121 594 125 599 ’
158 588 254 617 ecce
286 576 370 617 alia
403 574 564 617 clades:
596 573 806 616 Hercules
837 573 1014 629 perimit
1044 572 1224 618 Lichan.
1459 583 1532 616 815

156 635 271 677 facta
303 635 600 691 inquinentur:
632 635 710 677 fiat
740 633 813 677 hic
844 647 1040 676 summus
1071 633 1222 675 labor.’

159 695 203 737 in
236 698 350 738 astra
383 696 540 737 missus
571 694 709 737 fertur
741 697 783 736 et
814 693 950 736 nubes
982 707 1094 750 vago

156 756 324 813 spargit
354 770 522 811 cruore3
553 755 653 797 talis
686 756 731 797 in
764 755 930 797 caelum
962 754 1086 796 exilit

155 815 350 858 harundo
385 815 535 858 Getica
565 816 658 858 visa
689 815 850 857 dimitti
884 829 1015 857 manu

154 879 230 918 aut
262 891 388 931 quam
425 875 577 932 Cydon
608 876 816 918 excussit:
849 875 1029 917 inferius
1060 877 1205 916 tamen
1457 885 1529 918 820

155 940 198 978 et
228 937 314 978 tela
345 937 526 993 fugient.
588 939 765 978 truncus
799 937 844 978 in
876 938 1060 990 pontum
1094 933 1226 990 cadit,

153 996 199 1038 in
231 1011 334 1038 saxa
365 1000 532 1039 vertex:
564 1011 676 1039 unus
708 996 919 1038 ambobus
951 996 1074 1038 iacet.

154 1056 371 1098 ‘resistite'
406 1057 549 1112 inquit
581 1056 685 1099 ‘non
716 1057 838 1098 furor
868 1059 1058 1098 mentem
1091 1054 1291 1110 abstulit,

151 1117 295 1159 furore
327 1118 502 1172 gravius
534 1117 649 1159 istud
682 1119 812 1171 atque
844 1117 908 1159 ira
940 1116 1102 1159 malum
1135 1118 1217 1158 est:

151 1178 196 1219 in
229 1192 297 1219 me
329 1178 449 1219 iuvat
482 1177 671 1220 saevire.⁹
735 1178 809 1220 vix
840 1180 1006 1233 pestem
1039 1175 1202 1219 indicat
1454 1187 1524 1219 825

151 1240 193 1279 et
226 1238 378 1280 saevit:
411 1241 529 1280 artus
562 1239 653 1293 ipse
686 1238 891 1281 dilacerat
923 1251 1024 1279 suos

151 1301 195 1340 et
226 1299 420 1340 membra
452 1301 573 1340 vast-‚a
605 1299 743 1353 carpit
774 1298 964 1340 avellens
998 1311 1140 1339 manu.

150 1372 305 1400 exuere
337 1359 521 1402 amictus
554 1359 739 1414 quaerit:
771 1358 855 1401 hoe
888 1359 1029 1401 solum
1061 1355 1293 1399 Herculem

149 1433 237 1460 non
269 1433 395 1474 posse
427 1419 533 1474 vidi3
565 1419 735 1461 trahere
768 1421 947 1461 conatus
978 1421 1126 1460 tamen

149 1482 192 1520 et
223 1479 416 1520 membra
448 1480 599 1521 traxit:
633 1480 828 1535 corporis
860 1478 977 1534 palla
1008 1477 1173 1521 horridi
1451 1489 1524 1521 880

80 1581 83 1582 γ
148 1553 247 1594 pars
280 1542 344 1580 est
377 1542 418 1580 et
451 1540 562 1594 ipsa:
594 1540 727 1595 pestis
759 1539 975 1582 immiscet
1006 1539 1107 1581 cuti.

147 1613 226 1641 nec
258 1612 386 1641 causa
419 1599 535 1641 dirae
567 1599 700 1642 cladis
733 1601 779 1642 in
810 1600 952 1643 medio
985 1601 1123 1655 patet,

148 1658 221 1701 sed
254 1673 382 1701 causa
414 1662 557 1702 tamen
591 1662 673 1715 est3
705 1661 865 1715 vixque
897 1659 1118 1702 sufficiens
1150 1659 1265 1701 malo

146 1733 262 1761 nunc
295 1734 368 1761 ore
400 1722 554 1762 terram
589 1720 821 1776 languidus
853 1734 991 1776 prono
1024 1719 1200 1776 premit,

243 1863 312 1895 809
339 1872 467 1896 omnes
493 1865 522 1896 A
545 1864 549 1907 1
573 1862 722 1908 quaerit
752 1864 789 1898 et
820 1862 992 1908 sequitur
1015 1865 1045 1896 A
1067 1864 1073 1908 ί
1095 1862 1210 1897 licam
1231 1865 1261 1896 A
1287 1861 1438 1907 lycham
1459 1866 1488 1897 E

145 1912 215 1943 811.
232 1912 297 1943 812
314 1910 524 1960 υηιίεευειίη
544 1911 709 1957 margine
728 1911 911 1956 supplevit
922 1910 969 1946 Ει
988 1914 1031 1946 ut
1048 1923 1079 1946 v.
1096 1913 1173 1946 588
1191 1912 1204 1956 η
1224 1914 1283 1944 811
1302 1921 1438 1956 parum
1457 1914 1487 1946 A
1506 1911 1520 1958 Η

145 1960 210 1992 812
235 1956 519 1993 tremibundum
545 1970 582 1994 ω
613 1969 704 1994 corr.
732 1959 889 2005 Bentley
911 1960 917 2006 Ι
948 1960 1052 1994 metu
1083 1959 1219 2004 Peiper
1253 1958 1518 1994 semianimum

143 2015 281 2051 parens
307 2006 351 2041 ci.
373 2006 448 2041 Leo
468 2008 480 2051 Η
501 2009 563 2041 813
592 2017 634 2041 ac
660 2018 708 2042 m.
736 2018 781 2042 ae
806 2010 834 2041 E
860 2007 934 2046 hae
957 2018 1073 2042 manu
1099 2007 1225 2052 inquit
1250 2008 1288 2043 te
1313 2007 1433 2043 feram
1455 2010 1487 2042 A
1506 2009 1519 2052 n

144 2052 209 2088 014
234 2053 382 2089 vinctus
400 2057 430 2088 E
453 2055 458 2100 l
482 2053 571 2089 vicit
596 2054 729 2099 lychae
754 2059 782 2091 E
807 2056 971 2100 peremit
993 2057 1076 2100 (sic)
1098 2055 1192 2091 ficas
1211 2058 1242 2089 A
1260 2057 1272 2100 ΙΙ
1292 2058 1356 2090 815
1383 2054 1514 2091 cladis.

142 2100 315 2137 Herculis
334 2102 496 2147 peremit
514 2106 542 2136 E
562 2104 574 2148 1}
594 2106 658 2137 818
680 2103 763 2138 fata
782 2102 1038 2149 inquinantur.
1078 2104 1143 2139 fiet
1162 2106 1192 2138 A
1210 2105 1223 2150 Η
1242 2106 1307 2138 819
1326 2103 1430 2139 iussa
1448 2106 1516 2144 EA

142 2160 232 2186 corr.
255 2162 284 2185 α
303 2151 315 2195 11
336 2153 400 2185 821
419 2149 590 2196 fugiente
610 2152 743 2186 trunco
764 2162 898 2197 eorpus
918 2153 941 2187 i.
963 2164 999 2198 p.
1021 2163 1052 2187 c.
1071 2155 1102 2186 A
1119 2154 1134 2198 ῃ
1153 2155 1224 2186 822
1243 2151 1267 2187 i.
1289 2163 1316 2187 s.
1337 2162 1466 2188 versus
1485 2155 1515 2187 B

142 2197 164 2233 i.
188 2209 213 2233 s.
244 2197 368 2234 cervix
392 2201 423 2233 A
447 2209 540 2235 corr.
563 2198 713 2236 Gronov
734 2200 739 2244 Ι
761 2198 874 2234 funus
900 2212 937 2236 ω
964 2211 1054 2236 corr.
1077 2200 1126 2236 N.
1148 2199 1331 2236 Heinsius
1349 2211 1389 2246 p.
1410 2200 1516 2248 4041ss

144 2249 212 2281 827
241 2246 344 2292 capit
368 2250 398 2282 Ε
440 2247 453 2292 Η
497 2249 567 2281 828
594 2256 747 2282 exsuere
773 2250 801 2281 Ε
844 2249 857 2293 Η
902 2251 966 2282 881
989 2259 1125 2294 parum
1152 2249 1209 2283 est
1235 2250 1274 2284 et
1298 2247 1422 2294 ipsam
1446 2251 1476 2282 E
1505 2250 1510 2286 Ι

140 2294 258 2330 uestis
285 2307 322 2330 ω
354 2306 444 2331 corr.
473 2294 549 2330 Leo
583 2295 588 2340 1
622 2294 811 2331 immiscet
843 2297 967 2331 eutem
1000 2309 1038 2332 ω
1070 2308 1161 2332 corr.
1190 2296 1341 2332 Richter
1368 2295 1405 2342 (i.
1433 2296 1512 2331 cuti

140 2343 217 2379 scil.
239 2342 396 2388 pallam,
427 2342 542 2378 vestis
573 2342 750 2378 increscit
781 2343 859 2379 cuti
884 2344 928 2379 de
955 2345 1211 2388 Wlamowitz)
1248 2346 1261 2390 Η
1298 2347 1368 2381 884
1393 2355 1511 2390 prono

140 2389 228 2426 ferit
254 2394 284 2425 A
