1618 2554
100 125 158 168 30
536 121 575 156 L.
595 118 787 156 ANNAEI
814 116 1035 153 SENECAE

101 223 284 280 opponit
315 236 364 264 ac
396 235 440 263 se
471 219 663 277 tegmine
694 217 862 275 ingenti
894 215 1022 273 tegit,

100 283 278 326 victrice
307 295 514 338 magnum
547 280 722 323 dextera
752 277 885 320 robur
917 289 1080 334 gerens.

101 343 187 386 huc
217 357 333 386 nunc
364 344 408 383 et
439 341 544 383 illuc
575 339 753 382 verbere
783 336 956 380 assiduo
987 337 1124 391 rotat,

102 403 341 461 ingeminat
373 402 495 443 ictus.
559 399 749 442 domitus
782 398 960 454 infregit
989 396 1129 440 minas

102 467 145 507 et
176 465 332 507 cuncta
361 463 500 505 lassus
533 461 676 516 capita
707 458 925 502 summisit
956 457 1074 501 canis

102 526 313 579 antroque
344 525 438 564 toto
471 521 610 564 cessit.
672 519 874 562 extimuit
906 517 1057 561 sedens

102 587 284 639 uterque
316 582 426 625 solio
459 581 660 623 dominus
692 583 735 623 et
767 579 866 622 duci
898 579 1036 634 iubet3

105 660 174 687 me
208 657 380 700 quoque
410 642 576 698 petenti
606 655 764 683 munus
790 639 968 683 Alcidae
1002 637 1130 681 dedit.

196 703 308 746 Tum
341 703 489 760 gravia
519 701 703 744 monstri
735 701 848 743 colla
879 699 1151 756 permulcens
1183 712 1315 741 manu

106 764 330 807 adamante
360 764 480 806 texto
512 762 666 817 vincit3
699 761 860 804 oblitus
893 761 960 802 sui

107 827 252 867 custos
285 823 409 879 opaci
440 822 626 879 pervigil
655 822 779 880 regni
811 821 929 863 canis

108 884 331 940 componit
362 898 484 926 aures
515 882 692 925 timidus
725 884 768 924 et
798 882 968 938 patiens
1000 880 1116 923 trahi

109 959 315 1000 eramque
345 944 504 999 fassus,
537 958 609 985 ore
641 942 872 985 summisso
906 942 1166 997 obsequens,

110 1007 341 1060 utrumque
372 1003 508 1046 cauda
539 1004 684 1060 pulsat
714 1002 941 1060 anguifera
971 1003 1097 1044 latus.

109 1059 340 1121 postquam
372 1066 437 1106 est
468 1063 522 1106 ad
553 1078 649 1106 oras
681 1062 863 1106 Taenari
894 1065 1072 1105 ventum
1106 1064 1149 1104 et
1180 1061 1298 1104 nitor

109 1125 322 1182 percussit
352 1125 500 1167 oculos
530 1124 639 1167 lucis
672 1124 846 1181 ignotae
878 1137 1036 1178 novus,

109 1185 290 1229 resumit
320 1185 485 1227 animos
517 1185 657 1227 victus
689 1187 732 1227 et
762 1186 906 1227 vastas
937 1183 1084 1226 furens

112 1247 288 1302 quassat
318 1247 508 1301 catenas3
539 1259 674 1300 paene
705 1245 913 1287 victorem
947 1244 1128 1286 abstulit

111 1320 383 1362 pronumque
413 1307 526 1348 retro
558 1305 678 1347 vexit
708 1307 751 1347 et
781 1305 920 1347 movit
951 1304 1099 1361 gradu.

111 1369 216 1409 tunc
247 1367 290 1408 et
320 1380 436 1408 meas
467 1366 657 1421 respexit
682 1364 856 1408 Alcides
888 1379 1060 1419 manus3

111 1426 296 1483 geminis
327 1428 508 1481 uterque
538 1425 703 1468 viribus
735 1428 920 1468 tractum
955 1440 1103 1468 canem

111 1487 176 1529 ira
204 1486 419 1528 furentem
452 1488 494 1528 et
525 1486 640 1528 bella
670 1488 955 1541 temptantem
987 1485 1118 1528 inrita

111 1544 338 1589 intulimus
371 1546 479 1589 orbi.
540 1546 649 1588 vidit
680 1549 729 1588 ut
761 1543 924 1589 clarum
958 1545 1071 1588 diem

113 1609 156 1649 et
186 1621 296 1662 pura
325 1604 453 1648 nitidi
484 1607 625 1661 spatia
656 1607 882 1662 conspexit
914 1607 1024 1662 poli,

112 1666 288 1723 [oborta
318 1681 406 1709 nox
438 1669 520 1721 est,
551 1667 717 1709 lumina
748 1668 794 1709 in
824 1669 983 1709 terram
1015 1665 1151 1721 dedit]

113 1726 370 1783 compressit
401 1727 548 1769 oculos
581 1729 623 1774 et
655 1726 768 1769 diem
799 1727 988 1770 invisum
1021 1725 1189 1781 expulit

112 1787 355 1842 faciemque
385 1789 499 1829 retro
533 1787 654 1829 flexit
685 1790 814 1843 atque
847 1787 966 1829 omni
997 1787 1108 1842 petit

114 1847 278 1890 cervice
309 1849 486 1903 terram3
517 1850 611 1889 tum
643 1848 722 1890 sub
754 1846 990 1890 Herculeas
1023 1849 1154 1902 caput

115 1906 343 1951 abscondit
372 1906 560 1950 umbras.
623 1907 754 1950 densa
785 1907 860 1950 sed
890 1909 1004 1950 laeto
1036 1906 1156 1949 venit

114 1968 302 2011 clamore
333 1967 462 2010 turba
493 1967 710 2011 frontibus
740 1969 912 2011 laurum
946 1981 1098 2025 gerens

115 2028 349 2085 magnique
380 2027 557 2070 meritas
588 2027 788 2071 Herculis
819 2028 969 2071 laudes
1002 2028 1128 2070 canit.

1402 282 1474 317 800

1404 585 1474 618 806

1406 888 1477 920 810

1407 1190 1478 1223 815

1411 1493 1481 1526 820

1414 1796 1482 1828 825

211 2161 282 2198 ’799
300 2157 447 2204 ingenti
468 2157 584 2204 clepit
597 2161 627 2192 A
646 2159 657 2203 Η
678 2162 746 2193 803
766 2158 894 2204 lapsus
915 2162 962 2192 At
983 2159 1073 2203 (exe.
1089 2161 1118 2192 R
1136 2158 1197 2202 10>
1217 2159 1228 2203 ΙΙ
1249 2161 1317 2192 805
1340 2159 1484 2194 utrum-

115 2217 189 2253 que
207 2213 244 2251 ψ
263 2207 276 2254 ΙΙ
296 2209 363 2242 807
383 2207 475 2242 tunc
494 2209 525 2240 A
543 2206 555 2254 ΙΙ
582 2209 646 2241 814
665 2206 783 2242 bonos
803 2210 834 2241 A
864 2206 963 2242 bono
987 2210 1014 2240 E
1041 2217 1131 2242 corr.
1154 2206 1334 2242 Bac-hela
1354 2206 1483 2252 (novos

117 2254 276 2302 thyers
288 2266 328 2301 p.
349 2257 435 2299 494)
456 2254 469 2302 Η
494 2258 557 2290 815
577 2255 725 2290 vinctus
746 2258 775 2288 A
794 2256 805 2299 Η
826 2258 891 2289 821
911 2254 1053 2290 clarum
1075 2254 1229 2289 aethera
1243 2257 1273 2288 A
1291 2256 1392 2300 {1828
1413 2255 1483 2291 del.

117 2303 234 2340 Bothe
251 2304 264 2349 ss
283 2306 354 2338 824
379 2302 587 2349 comspexit
612 2302 740 2338 oculos
766 2307 794 2337 E
826 2302 970 2338 excutit
995 2303 1038 2338 ci.
1063 2303 1197 2348 Peiper
1215 2304 1228 2348 Η
1247 2305 1316 2337 825
1344 2302 1467 2338 aciem

117 2362 190 2398 que
221 2363 259 2388 ω
291 2362 383 2388 corr.
410 2352 527 2388 Bothe
564 2354 575 2397 Η
614 2354 683 2386 826
714 2350 890 2386 herculea
917 2353 945 2384 A
969 2353 972 2394 1
996 2350 1101 2396 cupit
1133 2354 1180 2385 At
1213 2353 1303 2396 (exc.
1336 2354 1366 2385 B
1393 2352 1453 2398 10)
1475 2352 1486 2398 fl}

120 2403 189 2436 827
215 2399 351 2436 umbra
377 2403 407 2434 A
