1618 2554
149 132 236 170 XVI
698 129 976 167 PRAEFATIO

147 236 271 276 sionis
304 235 340 274 A
375 235 670 287 pertractatum
714 234 768 273 sit
815 236 856 272 et
892 234 1135 284 perpolitum
1149 264 1159 282 ,
1202 234 1249 273 ut
1298 232 1525 286 legentibus

147 297 302 336 textum
339 297 582 346 proponeret
619 307 699 333 non
737 296 823 332 tam
865 295 1083 345 genuinum
1125 295 1166 333 et
1206 306 1362 344 verum,
1403 307 1526 345 quam

148 357 309 397 facilem
340 355 550 394 intellectu
583 356 623 394 et
653 353 885 394 rotundum.
935 354 1076 404 Neque
1109 353 1254 394 adduci
1280 366 1454 406 possum,
1479 357 1526 394 ut

148 429 287 457 eorum
323 417 547 455 sententiae
586 415 800 464 assentiar,
838 415 874 454 si
913 415 983 464 qui
1013 415 1264 454 noviciorum
1294 415 1524 455 criticorum

147 489 288 528 parem
324 477 487 526 utrique
527 476 751 514 recensioni
793 476 1079 514 auctoritatem
1115 474 1400 514 vindicandam
1441 487 1526 515 esse

149 538 349 577 censeant.
380 536 488 575 Nam
512 535 815 586 interpolatoris
838 532 1029 574 lectiones
1055 535 1239 586 quisquis
1262 536 1385 587 paulo
1411 548 1526 576 accu-

148 598 277 639 ratius
316 596 624 646 examinaverit,
663 597 817 646 quanta
855 596 924 634 ille
961 596 1005 634 in
1042 595 1296 635 immutanda
1333 595 1385 636 ad
1422 595 1524 635 ludi-

148 659 281 698 brium
313 657 483 696 lect-ione
515 654 685 696 audacia
719 658 760 696 et
791 655 959 695 libidine
996 657 1180 696 versatus
1212 657 1284 706 sit,
1321 669 1402 696 non
1438 657 1525 696 sine

150 717 418 758 admiratione
449 716 624 767 quadam
656 716 875 784 intelleget.

240 777 325 817 Nec
363 788 458 816 sane
497 776 662 816 difficile
701 780 762 816 est
797 778 841 816 in
879 777 936 815 eis
968 789 1073 828 quae
1106 776 1329 830 singularia
1359 779 1455 816 sunt
1485 779 1526 817 et

113 865 118 870 -
150 839 380 889 conspicua,
412 838 644 876 correctoris
677 837 889 876 audaciam
921 849 1172 890 cognoscere,
1202 835 1272 877 sed
1303 850 1422 888 saepe
1453 840 1526 887 est,

149 898 221 938 ubi
252 897 447 938 occultior
478 898 564 937 eius
595 897 789 937 sedulitas
815 898 1005 937 lectorem
1030 910 1174 949 pamm
1199 897 1439 950 vigilantem
1462 898 1525 937 fu-

150 960 248 1011 giat.
301 958 379 997 Sed
404 957 639 1010 diligentius
669 959 754 997 eius
786 958 1029 1011 industriam
1060 957 1318 998 observantes
1343 960 1384 998 et
1409 959 1525 1009 quasi

150 1018 421 1059 custodientes
460 1031 542 1058 non
582 1019 716 1068 fallet,
758 1007 896 1058 dedita
937 1031 1059 1071 opera
1099 1018 1172 1058 hoc
1215 1031 1306 1058 eum
1346 1020 1527 1058 secutum

150 1091 255 1129 esse,
293 1081 340 1118 ut
378 1079 615 1119 elocutionis
654 1081 695 1118 et
726 1080 950 1118 structurae
983 1079 1242 1118 difficultates
1282 1081 1323 1118 et
1354 1080 1525 1131 exquisi-

150 1141 274 1180 tiores
301 1139 523 1191 elegantias
548 1141 785 1189 removeret,
810 1139 852 1178 id
883 1152 981 1191 prae
1007 1141 1150 1179 ceteris
1176 1152 1312 1192 agens,
1336 1142 1384 1178 ut
1408 1140 1526 1179 1110110

151 1202 193 1240 et
218 1198 423 1239 commode
447 1198 678 1251 tragoedias
704 1200 849 1239 lecturi
873 1200 1170 1252 intellegerent.
1221 1199 1300 1250 Sic,
1324 1201 1373 1239 ut
1397 1212 1527 1250 pauca

151 1272 476 1310 commemorem,
519 1261 667 1299 tmesin
710 1260 875 1300 sustulit
917 1260 1021 1300 Med.
1062 1261 1147 1300 605
1170 1273 1227 1311 sq.
1269 1261 1527 1312 conspicuam

153 1315 314 1375 (rumpe
345 1333 416 1360 nec
449 1332 562 1360 sacro
594 1321 771 1361 violente
803 1323 943 1360 sancta
975 1320 1136 1360 foedera
1167 1319 1320 1371 mundi,
1338 1331 1417 1370 pro
1447 1333 1527 1370 qua

151 1382 328 1430 scripsit:
358 1394 390 1419 r.
417 1393 454 1419 n.
488 1382 618 1420 sancti
654 1381 831 1421 violente
868 1381 1010 1420 mundi
1045 1380 1207 1421 foedera
1246 1375 1397 1435 sacra),
1427 1381 1527 1422 item

150 1442 491 1481 constructionem
528 1431 594 1481 vel
638 1441 943 1481 collocationem
987 1442 1199 1482 verborum
1240 1441 1528 1494 elegantiorem

152 1497 419 1556 (hypallagen
456 1501 816 1542 Hf.475.1270
847 1502 901 1542 Μ.
928 1503 1028 1542 570
1067 1502 1157 1542 Tro.
1187 1502 1284 1542 159.
1319 1501 1402 1541 251
1440 1503 1527 1552 etc„

152 1562 375 1601 chiasmum
411 1561 479 1600 Hf.
507 1563 605 1601 470.
649 1563 782 1612 1270,
819 1562 1073 1614 hyperbaton
1110 1562 1178 1602 Hf.
1207 1562 1311 1613 769,
1348 1563 1526 1614 gemina·

151 1623 303 1661 tionem
340 1621 408 1660 Hs.
443 1622 527 1660 523
566 1621 620 1661 M.
655 1622 738 1661 266
779 1623 870 1662 Tro.
906 1617 1030 1677 739);
1074 1623 1293 1674 exquisitas
1336 1621 1528 1674 loquendi

152 1682 219 1721 vel
262 1681 519 1721 construendi
559 1682 754 1722 formulas
798 1683 1047 1723 facilioribus
1085 1683 1379 1734 compensavit,
1416 1683 1529 1723 velut

152 1741 221 1782 Hf.
258 1743 314 1781 24
358 1743 536 1794 scripsit:
579 1743 625 1782 in
666 1744 779 1782 cuius
823 1744 914 1783 ortu
957 1743 1128 1783 mundus
1171 1743 1371 1795 impendit
1420 1743 1525 1783 diem

149 1814 248 1852 pro:
280 1803 403 1852 ortus,
437 1803 521 1841 213
555 1816 627 1842 nec
658 1803 744 1842 ulla
774 1805 931 1855 requies
963 1805 1120 1855 tempus
1153 1806 1225 1842 aut
1254 1803 1383 1843 ullum
1407 1803 1528 1843 datur

146 1875 244 1913 pro:
278 1864 414 1912 vacat3
453 1863 543 1902 370
583 1865 781 1903 sociemur
821 1865 974 1905 animos
1005 1876 1102 1914 pro:
1140 1865 1336 1903 sociemur
1370 1864 1527 1913 animis,

155 1923 241 1962 438
280 1923 470 1962 caelitum
512 1925 700 1974 penetrat
737 1923 874 1963 domos
904 1936 1002 1973 pro:
1049 1925 1202 1976 sperat,
1242 1925 1327 1963 916
1372 1924 1525 1963 nobiles

153 1983 293 2022 Dirces
332 1995 457 2033 aquas
487 1995 585 2032 pro:
627 1984 775 2024 nobilis
817 1984 966 2023 Dircen
1007 1996 1152 2034 aquae,
1203 1984 1315 2023 1157
1362 1996 1527 2036 exurge,

156 2044 286 2083 victor
318 2055 416 2092 pro:
459 2044 606 2093 virtus,
644 2043 689 2083 Ο.
718 2045 802 2084 538
842 2057 982 2084 amara
1017 2043 1149 2084 baccis
1179 2052 1278 2093 pro:
1315 2057 1350 2083 a.
1387 2043 1526 2094 bacas,

157 2104 243 2142 544
277 2098 433 2157 (arbor)
466 2103 611 2143 diffusa
640 2105 764 2144 ramis
782 2117 880 2155 pro:
906 2116 1052 2154 ramos,
1077 2104 1143 2144 Tr.
1165 2104 1250 2144 547
1277 2105 1370 2156 post
1400 2116 1525 2144 annos

155 2163 291 2204 decem
315 2175 412 2212 pro:
436 2176 474 2213 p.
501 2163 650 2203 hiemes
687 2165 841 2216 decem,
879 2165 963 2204 alia
1000 2164 1176 2204 eiusdem
1214 2166 1371 2217 generis
1407 2165 1525 2203 innu-

154 2236 284 2274 mera,
316 2236 418 2274 quae
450 2224 485 2262 si
516 2225 605 2274 quis
644 2226 868 2264 accuratius
905 2225 1092 2276 persequi
1123 2225 1250 2274 volet,
1280 2224 1415 2264 fructu
1445 2238 1526 2264 non

155 2284 317 2324 carebit.

247 2343 358 2391 Quae
383 2356 473 2386 cum
498 2344 558 2383 ita
583 2346 676 2394 sint,
701 2345 830 2383 multo
855 2357 950 2384 sane
976 2344 1198 2396 simplicius
1223 2344 1380 2385 cederet
1406 2357 1526 2396 opera

157 2404 455 2457 tragoediarum
487 2405 726 2444 recensionis
759 2407 799 2444 et
828 2405 1130 2454 emendationis,
1161 2406 1197 2446 si
1227 2417 1389 2457 prorsus
1421 2404 1527 2444 abici
