1618 2554
525 120 782 158 HERCVLES
806 119 1038 170 [FVRENs]
1259 172 1263 182 ¹
1418 122 1472 165 19

92 221 283 266 sollicita
311 220 427 264 tanti
457 220 599 277 pretia
627 220 796 263 natales
826 219 992 264 habent

93 295 349 340 semperque
379 294 541 338 magno
574 281 772 324 constitit
801 281 922 324 nasci
955 280 1096 324 deum.

92 353 195 386 LYc.
226 340 554 397 Quemcumque
585 340 792 384 miserum
824 341 1003 397 videris,
1033 340 1257 385 hominem
1290 343 1412 385 scias.

91 414 237 447 AMPH.
268 400 596 458 Quemcumque
625 402 785 445 fortem
816 401 995 458 videris,
1026 402 1233 446 miserum
1265 417 1410 461 neges.

92 475 195 506 LYc.
226 462 404 507 Fortem
435 475 641 505 vocemus
673 463 796 506 cuius
829 477 883 505 ex
913 463 1075 506 umeris
1106 463 1197 519 leo,
1399 475 1470 506 465

92 524 255 567 donum
286 522 458 580 puellae
483 522 631 566 factus
637 557 650 578 ,
681 526 725 566 et
755 523 878 566 clava
908 522 1070 566 excidit

89 584 301 641 fulsitque
332 583 500 640 pictum
530 586 651 626 veste
682 582 864 627 Sidonia
892 583 1039 626 latus?

89 645 251 688 fortem
283 657 487 688 vocemus
518 645 642 688 cuius
674 642 901 687 horrentes
933 657 1083 688 comae

92 704 295 748 maduere
325 703 482 760 nardo,
510 703 638 747 laude
671 705 747 761 qui
776 707 904 748 notas
935 719 1089 748 manus

92 765 148 809 ad
178 779 269 808 non
299 765 470 808 virilem
502 766 702 822 tympani
733 766 873 808 movit
903 779 1079 823 sonum,
1397 778 1469 811 470

91 827 223 870 mitra
251 825 441 870 ferocem
472 825 658 869 barbara
686 826 876 869 frontem
907 826 1138 882 premens?

91 897 236 930 AMPH.
266 884 372 930 Non
402 885 619 930 erubescit
647 885 848 929 Bacchus
879 886 1040 930 effusos
1071 890 1193 930 tener

91 947 301 1004 sparsisse
332 946 473 990 crines
504 961 585 990 nec
615 962 748 990 manu
779 947 905 990 molli
934 948 1074 990 levem

90 1007 262 1051 vibrare
293 1006 513 1064 thyrsum,
544 1022 643 1051 cum
674 1022 830 1064 parum
861 1007 967 1050 forti
999 1007 1136 1065 gradu

91 1082 197 1111 auro
230 1067 436 1111 decorum
467 1082 614 1123 syrma
645 1067 919 1111 barbaricum
950 1067 1103 1111 trahit:
1395 1081 1466 1113 475

90 1131 193 1185 post
222 1128 364 1171 multa
393 1127 532 1171 virtus
565 1142 697 1185 opera
726 1128 864 1171 laxari
896 1129 1019 1172 solet.

92 1199 193 1231 LYc.
226 1187 325 1232 Hoc
354 1187 516 1244 Euryti
545 1188 709 1232 fatetur
739 1189 878 1232 eversi
908 1188 1064 1232 domus

91 1263 386 1306 pecorumque
414 1249 504 1292 ritu
535 1249 757 1306 virginum
789 1250 984 1307 oppressi
1018 1264 1190 1307 greges3

92 1309 179 1352 hoc
208 1309 331 1353 nulla
361 1307 490 1366 Iuno,
522 1309 668 1352 nullus
699 1309 973 1366 Eurystheus
1005 1309 1145 1353 iubet:

90 1370 228 1427 ipsius
259 1370 367 1413 haec
391 1373 494 1413 sunt
524 1385 666 1427 opera.
727 1382 872 1413 ΑΜΡΗ.
904 1369 1008 1413 Non
1032 1371 1150 1413 nosti
1177 1372 1340 1414 omnia:
1398 1383 1467 1415 480

90 1431 228 1487 ipsius
261 1445 371 1487 opus
402 1433 469 1473 est
499 1430 716 1474 caestibus
746 1430 910 1475 fractus
943 1431 1032 1474 suis

90 1490 212 1547 Eryx
244 1494 289 1534 et
317 1490 452 1546 Eryci
483 1492 658 1534 iunctus
687 1489 884 1535 Antaeus
915 1490 1068 1547 Libys,

91 1554 135 1594 et
166 1552 243 1607 qui
271 1550 483 1608 hospitali
514 1551 643 1594 caede
675 1555 900 1595 manantes
931 1552 1020 1595 foci

91 1611 239 1655 bibere
270 1612 434 1655 iustum
466 1613 722 1670 sanguinem
754 1612 987 1669 Busiridi-53

91 1672 229 1729 ipsius
261 1686 372 1729 opus
403 1675 470 1715 est
501 1673 671 1716 vulneri
702 1676 747 1716 et
775 1673 890 1716 ferro
923 1673 1067 1715 invius
1395 1686 1464 1717 485

91 1735 274 1775 mortem
307 1735 483 1776 coactus
515 1734 685 1791 integer
715 1731 889 1789 Cycnus
921 1735 1013 1789 pati

90 1807 170 1836 nec
199 1807 312 1835 unus
343 1808 432 1836 una
463 1792 635 1849 Geryon
666 1794 808 1837 victus
838 1809 982 1836 manu.

94 1853 177 1896 eris
208 1853 322 1896 inter
353 1853 460 1896 istos
491 1879 551 1884 —
583 1854 658 1910 qui
690 1857 836 1897 tamen
868 1855 989 1897 nullo
1022 1858 1174 1910 stupro

89 1914 251 1957 laesere
281 1913 509 1957 thalamos.
574 1925 674 1956 LYc.
707 1913 832 1965 Quod
863 1913 959 1959 Iovi
990 1914 1074 1958 hoc
1105 1915 1198 1972 regi
1229 1915 1349 1959 licet:

90 1972 187 2016 Iovi
217 1973 374 2016 dedisti
405 1973 653 2031 coniugem,
683 1976 777 2032 regi
809 1975 951 2030 dabis3
1393 1987 1464 2020 490

91 2036 134 2076 et
164 2036 208 2076 te
240 2034 449 2092 magistro
482 2049 571 2077 non
602 2049 764 2079 novum
796 2035 880 2078 hoc
913 2035 1049 2078 discet
1079 2050 1232 2090 nurus,

185 2167 254 2199 487
289 2164 471 2200 amictum
501 2165 654 2209 Withof,
686 2165 853 2212 rigidum
885 2166 998 2202 Nolte
1034 2168 1046 2212 11
1082 2169 1155 2201 474
1184 2165 1356 2202 uibrasse
1388 2173 1426 2210 ψ
1451 2167 1464 2215 n

89 2215 161 2246 475
185 2211 386 2249 barbarico
411 2214 472 2259 El}
498 2216 571 2248 476
595 2213 698 2249 volet
722 2215 880 2261 Bentley
907 2216 920 2260 u
947 2217 1016 2249 477
1044 2214 1116 2249 hoc
1140 2214 1327 2250 tentantis
1353 2214 1464 2260 (Teu-

89 2259 254 2295 thrantis
278 2260 351 2296 hoc
370 2260 516 2307 Dezrio)
535 2269 573 2305 ψ
599 2262 646 2306 ef.
671 2261 733 2298 Ov.
753 2262 826 2298 her.
847 2263 915 2299 IX
933 2265 978 2298 51
998 2264 1011 2308 u
1029 2265 1100 2297 478
1125 2262 1246 2308 pressi
1269 2263 1427 2310 Bentley
1450 2264 1463 2311 Η

90 2310 163 2342 479
187 2308 286 2354 Lyci
308 2313 399 2346 nota
423 2310 594 2355 praefixa
619 2312 673 2353 Σ,
706 2322 813 2347 erasa
838 2315 867 2346 Ε
904 2312 917 2356 ΙΙ
953 2313 1024 2346 488
1050 2310 1279 2356 hospitalem
1306 2311 1462 2347 caedem

90 2355 280 2392 minantes
305 2358 454 2402 311485
481 2357 613 2393 obvius
639 2371 676 2394 ω
702 2370 794 2395 corr.
814 2359 865 2395 N.
886 2358 1070 2395 Heinsius
1088 2360 1191 2405 11486
1214 2361 1369 2396 coactus
1395 2362 1462 2396 aut

90 2405 194 2449 (ante
218 2407 270 2450 ψ)
298 2403 487 2451 Geryones
512 2406 595 2451 pati
621 2409 670 2441 Δτ
694 2409 706 2452 u
725 2410 797 2442 490
822 2406 932 2443 dabit
956 2407 1034 2444 Leo
1059 2407 1111 2443 II
1130 2410 1203 2444 375

1196 2467 1245 2502 2*
