1618 2554
187 112 276 155 322
623 111 662 147 L.
684 108 874 147 ANNAEI
898 109 1120 147 SENECAE

188 214 232 255 et
262 211 336 254 ille
368 211 515 254 solem.
576 209 722 252 nullus
748 207 941 263 Antaeus
973 208 1108 265 Libys

187 272 378 315 animam
408 270 607 326 resumit,
639 269 795 313 cecidit
826 271 924 312 ante
956 284 1052 315 aras
1083 284 1182 312 suas
1513 281 1558 313 25

188 331 374 387 Busiris,
406 346 491 375 una
524 333 589 374 est
621 329 795 386 Geryon
825 344 999 385 sparsus
1031 344 1162 372 manu

186 395 423 447 taurusque
455 391 630 447 populis
661 389 861 434 horridus
894 392 1067 433 centum
1099 404 1246 445 pavor.

109 490 114 496 ,
189 452 493 509 quodcumque
524 452 652 493 tellus
686 450 837 507 genuit
867 450 1025 492 infesta
1057 450 1215 493 oceidit

187 527 370 568 meaque
400 512 542 555 fusum
578 513 644 554 est
674 511 867 553 dextera:
898 511 1020 552 iratis
1052 510 1143 553 deis

187 587 277 616 non
307 572 433 616 licuit
464 586 567 615 esse.
630 571 667 613 si
698 573 831 628 negat
860 570 1048 613 mundus
1079 570 1211 626 feras,
1514 582 1560 614 30

189 634 382 675 animum
413 646 615 687 noverca,
645 630 775 674 redde
805 645 920 674 nunc
950 633 1054 674 nato
1087 633 1254 687 patrem

187 694 259 736 vel
290 695 405 736 astra
434 692 549 734 forti.
612 705 691 735 nec
722 693 823 747 peto
857 694 907 734 ut
937 693 1152 734 monstres
1184 692 1284 747 iter3

188 753 391 809 permitte
421 755 611 806 tantum,
642 753 830 808 genitor:
863 752 1081 794 inveniam
1113 752 1241 795 viam.

187 813 258 855 vel
290 814 326 855 si
357 814 483 855 times
516 827 570 854 ne
602 815 717 854 terra
748 812 965 867 concipiat
995 812 1128 867 feras,

187 876 391 930 properet
415 874 577 915 malum
605 871 927 928 quodcumque,
960 872 1062 914 dum
1088 874 1204 915 terra
1231 871 1463 916 Herculem
1515 883 1561 916 35

190 933 322 976 habet
354 933 572 988 videtque:
603 947 705 975 nam
738 933 835 988 quis
868 932 1043 975 invadet
1074 933 1190 976 mala

189 996 264 1036 aut
295 994 392 1049 quis
424 1008 501 1049 per
531 993 659 1035 urbes
690 1007 839 1036 rursus
865 991 1094 1050 Argolicas
1127 993 1209 1036 erit

188 1052 368 1097 Iunonis
403 1053 502 1096 odio
536 1052 724 1110 dignus?
756 1053 802 1095 in
833 1055 977 1096 tutum
1010 1068 1127 1096 meas

188 1114 336 1157 laudes
369 1114 534 1170 redegi,
564 1113 685 1156 nulla
717 1128 785 1156 me
817 1114 948 1156 tellus
981 1113 1096 1157 silet:

189 1189 258 1216 me
291 1175 425 1218 sensit
455 1189 579 1216 ursae
611 1174 825 1231 frigidum
853 1172 1086 1229 Scythicae,
1115 1189 1251 1231 genus
1515 1183 1562 1216 40

188 1233 407 1289 Indusque
438 1233 616 1277 Phoebo
650 1234 868 1289 subditus,
900 1247 1054 1276 cancro
1087 1234 1239 1290 Libys3

188 1297 250 1349 te,
282 1295 394 1337 clare
421 1294 567 1349 Titan,
599 1296 751 1337 testor:
784 1294 953 1337 occurri
982 1294 1065 1337 tibi

190 1369 463 1411 quacumque
494 1355 655 1412 fulges,
685 1369 766 1397 nec
798 1369 917 1398 meos
949 1354 1026 1397 lux
1058 1355 1264 1410 prosequi

189 1415 335 1471 potuit
352 1415 631 1473 triumphos,
663 1414 770 1458 solis
802 1414 965 1459 excessi
996 1416 1113 1458 vices

188 1476 388 1531 intraque
419 1478 589 1517 nostras
622 1475 819 1518 substitit
849 1478 986 1518 metas
1019 1475 1121 1518 dies.
1516 1485 1562 1517 45

189 1537 345 1578 natura
376 1535 522 1591 cessit,
553 1538 668 1577 terra
699 1535 856 1578 defecit
887 1535 1086 1593 gradum:

188 1595 348 1639 lassata
378 1595 498 1651 prior
528 1598 604 1638 est.
665 1610 754 1638 nox
786 1598 828 1638 et
859 1599 1101 1639 extremum
1133 1595 1264 1638 chaos

190 1656 238 1699 in
268 1670 337 1698 me
367 1656 621 1699 incucurrit:
654 1655 753 1698 inde
786 1656 839 1698 ad
870 1656 987 1699 hunc
1020 1657 1169 1698 orbem
1201 1655 1310 1711 redi,

188 1729 317 1759 nemo
349 1716 463 1758 unde
493 1718 610 1758 retro
642 1719 717 1758 est.
750 1716 932 1758 tulimus
966 1715 1125 1762 Oceani
1158 1717 1317 1771 minas,

189 1789 270 1836 nec
300 1776 391 1817 ulla
422 1776 560 1819 valuit
592 1779 768 1831 quatere
799 1780 1035 1833 tempestas
1067 1780 1204 1819 ratem
1517 1787 1564 1820 50

191 1849 509 1893 quamcumque
540 1836 677 1892 pressi
701 1862 760 1867 ———
786 1852 885 1893 pars
918 1840 1052 1893 quota
1083 1840 1149 1879 est
1177 1836 1360 1879 Perseus
1391 1837 1510 1879 mei?

287 1957 335 1989 26
361 1954 418 1988 est
443 1964 510 1989 om.
530 1958 559 1989 Ε
603 1955 614 1999 Η
658 1958 704 1990 28
731 1953 913 1990 infestum
938 1967 968 1990 α
1010 1956 1023 2001 ΙΙ
1066 1958 1114 1990 29
1140 1954 1273 1990 dextra
1292 1955 1366 1991 Ast)
1402 1956 1408 2000 Ι
1448 1954 1563 1991 eratis

192 2002 272 2038 dies
297 2005 326 2036 Ε
357 2003 370 2047 ῃ
401 2005 447 2036 30
473 2001 527 2037 sie
552 2004 669 2049 negat
693 2005 724 2037 A
754 2004 767 2048 ΙΙ
797 2006 839 2038 81
865 2002 1059 2038 dominum
1085 2004 1130 2039 ci.
1152 2004 1286 2048 Peiper
1307 2006 1313 2049 1
1336 1997 1510 2039 co‘ercam
1534 2006 1564 2038 Β

190 2050 350 2086 nimium
376 2060 558 2086 novercae
578 2051 629 2087 N.
644 2051 828 2087 Heinsius
842 2062 879 2097 p.
901 2054 973 2087 434
999 2052 1156 2087 tandem
1174 2061 1356 2087 novercae
1376 2051 1463 2088 Leo.
1505 2050 1563 2095 Cf.

193 2098 301 2135 Ovid.
329 2097 386 2133 M.
414 2098 480 2134 IX
504 2101 597 2134 198:
641 2098 789 2134 defessa
825 2099 991 2135 iubendo
1029 2101 1087 2136 est
1118 2110 1231 2136 saeva
1266 2099 1363 2135 Iovis
1402 2098 1565 2135 coniunx

191 2146 350 2192 (Mezzer
369 2158 408 2192 p.
429 2148 477 2182 12
501 2148 557 2191 oz.)
588 2148 601 2192 ΙΙ
632 2150 679 2183 32
703 2146 819 2183 redde
851 2149 954 2184 astra
985 2148 1029 2184 ci.
1054 2148 1204 2184 Richter
1233 2149 1246 2194 u
1281 2150 1327 2183 39
1350 2147 1478 2193 recepi
1502 2149 1534 2181 A
1550 2146 1566 2196 ΙΙ

190 2198 238 2230 40
265 2193 419 2239 Scythie
444 2194 517 2229 A(1)
557 2196 569 2241 ΙΙ
606 2198 648 2230 41
675 2194 801 2230 canori
826 2199 854 2230 Ε
885 2197 898 2241 n
930 2198 976 2230 48
1001 2192 1110 2242 fuges
1136 2199 1165 2231 E
1202 2197 1214 2242 ΙΙ
1251 2199 1297 2231 45
1324 2194 1501 2240 infraque
1525 2207 1564 2232 ω

190 2253 283 2280 corr.
308 2243 456 2279 Gronov
475 2243 488 2288 ΙΙ
515 2245 560 2277 47
588 2242 718 2278 laxata
743 2253 811 2289 per
835 2253 896 2279 me
922 2254 995 2278 nox
1021 2247 1052 2279 A
1077 2244 1100 2279 1.
1121 2244 1229 2290 peior
1253 2256 1288 2279 n.
1316 2245 1360 2281 ei.
1384 2244 1566 2291 Gronovu

191 2294 238 2326 48
266 2289 431 2327 cucurrit
455 2294 487 2326 A
528 2291 542 2336 11
584 2294 631 2327 49
656 2290 757 2327 unde
782 2302 893 2327 omne
918 2295 947 2327 Ε
972 2292 1073 2327 unde
1098 2303 1208 2327 nemo
1234 2295 1266 2327 A
1293 2293 1298 2339 Ι
1325 2293 1426 2328 retro
1452 2293 1511 2327 est
1533 2295 1564 2326 B

191 2341 292 2375 retro
318 2341 399 2384 (om.
427 2340 500 2385 est)
524 2341 555 2373 A
580 2349 671 2382 corr.
699 2350 728 2375 α
757 2341 769 2385 Η
798 2343 838 2374 51
864 2339 1001 2385 pressit
1027 2343 1054 2374 Ε
1078 2341 1082 2384 1
1105 2350 1193 2386 pars
1220 2342 1337 2385 quota
1362 2342 1421 2376 est
1448 2350 1565 2384 quam

189 2397 397 2434 prosequor
422 2390 452 2423 A
476 2387 523 2432 cf.
545 2384 685 2423 Melzer
704 2398 744 2433 p.
765 2389 814 2423 12
