1618 2554
119 121 191 158 XII
668 118 948 156 PRAEFATIO

120 223 374 264 Vadianae
405 236 443 262 n.
472 222 558 262 303
583 216 670 276 (V),
697 234 803 263 anno
831 222 947 261 1393
975 222 1171 261 exaratus.
1223 219 1404 267 Quorum
1428 220 1499 260 1110

121 297 212 323 011111
245 283 379 323 codice
402 280 685 335 Behdigerano
715 283 770 321 10
796 281 937 322 eadem
965 281 1198 321 vetustioris
1229 293 1326 349 prae
1351 292 1394 320 se
1419 281 1500 320 fert

122 346 290 397 originis
309 343 461 383 indicia
481 338 644 398 (Peiper
662 356 701 394 p.
722 343 749 381 4
764 355 821 393 sq.
825 337 856 397 )‚
879 342 946 381 1110
967 353 1212 393 quamquam
1230 342 1273 381 in
1293 340 1499 382 nonnullis

122 405 269 454 differt,
293 406 430 444 tamen
457 405 498 443 et
521 403 668 444 lacuna
699 404 859 455 saepius
886 404 1109 443 memorata
1140 401 1311 453 aliisque
1341 401 1499 441 lacunis
1579 419 1583 422 ⁴

121 466 182 505 ita
207 478 298 505 cum
324 464 451 504 altero
476 465 693 515 conspirat,
718 466 765 502 ut
789 464 939 503 artiore
965 475 1031 503 eos
1060 462 1312 515 cognationis
1336 461 1500 501 vinculo

124 527 165 564 et
188 526 296 565 inter
321 537 362 564 se
388 526 430 564 et
454 536 547 564 cum
577 538 598 562 τ
623 526 664 563 et
689 523 726 562 R
740 525 797 564 10
829 523 1065 564 coniunctos
1095 534 1179 562 esse
1209 523 1362 573 pateat.
1410 521 1500 562 Hae

123 598 218 637 opes
252 598 276 625 8
306 585 475 636 Peipero
513 584 705 624 collectae
737 586 778 623 et
811 585 927 625 novis
959 583 1141 623 codicum
1172 581 1341 635 Rhedig.
1371 583 1428 622 10
1459 583 1502 621 et

128 647 183 685 12
224 645 506 685 collationibus
545 646 687 684 auctae
726 643 924 694 quomodo
964 656 987 682 a
1024 657 1088 683 me
1127 643 1379 683 examinatae
1419 643 1502 681 sint

125 709 166 746 et
202 707 246 745 in
283 718 402 745 usum
442 717 675 755 conversae,
709 702 1021 750 Quaestionibus
1063 703 1213 744 criticis
1252 717 1292 756 p.
1325 702 1500 742 14—-28

125 766 302 818 exposui.
354 766 460 806 Nam
487 779 512 805 a
536 766 752 817 specimine
783 766 828 804 in
857 764 1122 816 Peiperianae
1154 763 1502 804 commentationis

126 826 346 878 appendice
379 826 532 876 altero,
567 839 646 877 quo
677 825 799 866 lectio
829 824 869 864 A
900 838 949 865 ex
979 824 1017 864 R
1032 826 1088 864 10
1120 826 1160 864 et
1191 838 1212 864 τ
1243 824 1503 865 constituitur

125 888 169 926 in
187 887 360 928 Hercule
385 887 557 935 furente,
581 886 786 938 profectus
810 885 989 938 primum
1006 884 1200 925 lectiones
1225 883 1373 925 codicis
1394 882 1432 922 R
1447 885 1503 923 10

126 960 215 987 cum
260 947 492 999 Augustani
532 948 573 986 et
609 945 787 986 Vadiani
829 945 1070 986 lectionibus
1115 945 1340 997 composui,
1379 945 1503 995 scrip-

127 1009 240 1047 turas
272 1007 419 1047 codicis
451 1007 713 1047 Trevethiani
741 1019 761 1046 0
787 1006 1087 1046 commentariis
1118 1007 1324 1058 excerptas
1357 1005 1505 1045 exami-

130 1070 239 1118 navi,
265 1067 407 1107 deinde
431 1069 479 1106 ut
504 1067 678 1118 amplior
701 1068 874 1107 materia
897 1066 1048 1106 iudicio
1073 1062 1237 1106 ferendo
1262 1066 1506 1117 suppeteret,

128 1129 265 1168 varias
303 1128 496 1167 lectiones
535 1129 728 1178 quattuor
763 1127 960 1166 librorum
998 1126 1047 1166 de
1086 1126 1232 1178 quibus
1268 1138 1332 1166 res
1371 1125 1507 1178 agitur

128 1183 167 1242 (τ
192 1188 231 1226 V
255 1188 331 1240 Ag.
357 1188 394 1227 R
410 1183 484 1242 10)
522 1188 566 1227 in
604 1187 829 1227 Troadibus
872 1186 1013 1227 fabula
1051 1188 1284 1238 conspicuas
1324 1186 1507 1238 congessi

131 1251 172 1288 et
202 1249 367 1288 lacunas
400 1248 596 1299 quasdam
626 1249 670 1287 111
700 1248 868 1298 reliquis
900 1247 1051 1287 fabulis
1083 1247 1335 1287 occurrentes
1365 1246 1429 1286 his
1458 1245 1507 1285 li-

129 1309 212 1348 bris
244 1320 472 1349 communes
504 1303 745 1362 indicavi*),
776 1308 949 1358 denique
981 1307 1079 1358 quid
1111 1320 1158 1346 ex
1189 1308 1279 1346 tota
1307 1306 1385 1350 hac
1415 1317 1507 1346 exa-

130 1369 352 1409 minatione
377 1369 562 1408 effectum
588 1381 673 1408 esse
691 1368 910 1417 videretur,
930 1367 1139 1419 explicavi.
1184 1366 1353 1406 Summa
1372 1368 1508 1406 autem

131 1429 260 1469 omnis
311 1428 672 1481 argumentationis
722 1428 900 1468 breviter
950 1428 1238 1479 comprehensa
1286 1427 1386 1466 haec
1435 1427 1508 1466 est.

134 1489 336 1536 Quattuor
367 1489 458 1529 illos
485 1489 638 1529 codices
671 1501 771 1540 quos
798 1489 1025 1528 examinavi
1049 1490 1136 1527 tam
1161 1488 1363 1527 communi
1387 1485 1510 1539 primi

135 1550 323 1591 carminis
355 1549 598 1589 detrimento
631 1563 751 1600 quam
790 1549 965 1588 aliarum
999 1548 1238 1589 lacunarum
1268 1546 1510 1587 multarum-

133 1623 211 1662 que
249 1609 467 1650 lectionum
504 1610 761 1660 propriarum
799 1621 995 1648 consensu
1033 1610 1074 1648 et
1110 1607 1407 1659 conspiratione
1445 1619 1529 1652 co-.

133 1670 338 1722 gnationis
375 1669 668 1709 necessitudine
707 1669 904 1709 contineri
942 1669 1097 1708 certum
1134 1670 1196 1708 est
1225 1679 1299 1707 nec
1328 1667 1406 1706 11111
1436 1665 1510 1706 (111-

132 1730 325 1770 bitationi
350 1730 576 1770 obnoxium.
619 1729 674 1768 Et
700 1731 893 1780 quoniam
919 1741 1056 1769 omnes
1082 1727 1134 1768 ad
1158 1728 1356 1780 originem
1380 1727 1511 1767 multo

133 1792 397 1831 vetustiorem
422 1789 623 1829 modernis
648 1789 847 1829 Italorum
872 1788 986 1828 libris
1011 1788 1215 1838 recedunt,
1244 1799 1341 1840 prae
1368 1788 1511 1828 ceteris

134 1850 270 1890 idonei
302 1853 408 1899 sunt,
441 1851 510 1901 qui
540 1850 784 1890 recensionis
819 1848 1090 1901 interpolatae
1126 1848 1260 1899 qualis
1298 1849 1386 1888 erat
1417 1848 1512 1887 ante

136 1912 300 1950 renatas
319 1912 362 1950 in
381 1910 504 1949 Italia
530 1910 688 1949 litteras
707 1910 927 1962 imaginem
953 1910 1052 1949 satis
1073 1910 1257 1949 accurate
1277 1907 1511 1960 depingant.

135 1970 323 2011 Redeunt
360 1972 497 2010 autem
535 1983 671 2009 omnes
717 1970 768 2010 ad
805 1971 1010 2009 vetustum
1054 1967 1221 2020 aliquod
1264 1967 1513 2020 archetypon

136 2031 266 2071 Italae
299 2030 479 2083 originis,
503 2029 610 2069 unde
641 2031 779 2070 variae
806 2030 1048 2081 propagines
1079 2040 1305 2068 manavere.
1354 2026 1513 2068 Harum

137 2104 219 2131 una
251 2090 302 2131 ad
334 2090 526 2130 Trevethi
558 2090 772 2141 exemplar,
806 2089 1052 2129 Gallicarum
1092 2087 1343 2140 quarundam
1374 2087 1511 2128 lectio·

138 2166 236 2191 num
260 2164 341 2190 non
371 2162 537 2202 prorsus
561 2149 752 2200 immune,
784 2149 896 2189 ducit
927 2149 1091 2200 eiusque
1122 2147 1315 2198 subolem,
1347 2148 1428 2188 8118
1461 2147 1513 2187 ad

137 2211 463 2264 Rehdigeranum
494 2225 532 2250 n.
556 2212 629 2260 103
656 2223 703 2249 ex
727 2210 843 2249 libris
867 2210 1078 2260 utriusque
1103 2209 1259 2261 generis
1283 2208 1513 2260 Augustani

233 2351 267 2398 *)
298 2350 474 2386 Lacunae
511 2361 548 2394 p.
575 2351 620 2383 23
650 2348 673 2383 1.
703 2352 856 2384 23—26
893 2349 1052 2385 notatae
1087 2359 1163 2384 11011
1200 2346 1407 2391 Phaedrae,
1446 2346 1514 2384 sed

118 2407 121 2410 '
139 2398 276 2446 Oedipi
302 2399 399 2434 sunt.
