1618 2554
896 40 920 55 Pe·

144 119 228 162 188
579 119 617 155 L.
639 117 831 154 ANNAEI
858 116 1079 154 SENECAE

145 214 420 273 Colchusque
451 217 636 261 Phasis?
667 217 781 260 redit
812 217 867 259 ad
897 219 1096 259 auctores
1128 230 1266 273 genus

145 279 411 335 stirpemque
442 279 630 335 primam
662 278 849 335 degener
881 277 1059 334 sanguis
1091 277 1234 320 refert.

143 342 211 382 est
241 347 419 395 prorsus
451 339 534 382 iste
566 339 710 396 gentis
742 337 969 381 armiferae
1000 337 1135 393 furor,

145 399 286 443 odisse
317 398 499 443 Veneris
532 399 706 442 foedera
739 401 782 442 et
813 401 981 442 castum
1014 397 1090 440 diu
1455 410 1526 443 910

143 459 323 517 vulgare
354 459 529 517 populis
562 474 731 516 corpus.
796 474 821 502 o
853 461 1016 502 tetrum
1049 472 1187 516 genus

114 521 350 576 ,nullaque
382 521 546 563 victum
577 521 674 577 lege
707 520 899 562 melioris
932 518 1031 562 soli!

143 581 259 624 ferae
292 595 466 637 quoque
497 581 617 636 ipsae
649 579 832 623 Veneris
865 580 1031 623 evitant
1063 580 1203 635 nefas,

143 642 401 699 generisque
432 640 550 698 leges
583 642 746 684 inscius
779 643 922 684 servat
953 641 1105 696 pudor.

143 701 220 745 ubi
251 702 398 744 vultus
429 699 504 744 ille
537 704 581 744 et
610 702 714 745 ficta
745 702 949 744 maiestas
982 701 1063 744 viri
1457 712 1526 746 915

144 764 276 817 atque
307 761 483 805 habitus
515 761 717 818 horrens,
748 762 890 818 prisca
923 764 966 804 et
998 762 1178 818 antiqua
1209 764 1434 819 appetensj

144 836 403 878 morumque
435 823 604 865 senium
636 823 763 866 triste
795 825 838 865 et
869 822 1051 865 affectus
1079 823 1268 880 graves?

147 896 171 924 ο
204 883 294 925 vita
324 882 478 939 fallax,
510 882 680 948 agbditos
714 898 865 926 sensus
896 883 1013 941 geris

144 943 387 998 animisque
418 942 647 999 pulchram
679 943 882 1000 turpibus
914 944 1070 987 faciem
1103 943 1266 987 induis:

144 1003 285 1059 pudor
314 1004 614 1059 impudentem
647 1005 776 1059 celat,
807 1004 1014 1047 audacem
1049 1005 1188 1061 quies,
1458 1016 1528 1048 920

144 1063 284 1118 pietas
315 1064 574 1121 nefandum3
607 1079 708 1107 vera
739 1064 916 1108 fallaces
949 1065 1138 1120 probant

145 1124 438 1181 simulantque
470 1125 625 1168 molles
659 1125 777 1169 dura.
840 1127 1048 1169 silvarum
1082 1127 1224 1169 incola

143 1185 218 1227 ille
250 1184 453 1228 efferatus
485 1189 629 1229 castus
661 1186 852 1230 intactus
885 1186 1017 1242 rudis,

144 1244 254 1288 mihi
285 1247 328 1288 te
360 1247 584 1289 reservas?
616 1261 642 1289 a
673 1261 771 1289 meo
804 1247 995 1303 primum
1029 1249 1126 1290 toro
1481 1280 1489 1284 -

144 1307 188 1347 et
220 1305 378 1348 scelere
410 1309 533 1350 tanto
566 1307 733 1362 placuit
765 1308 899 1351 ordiri
931 1308 1104 1351 virum?
1456 1318 1526 1352 925

143 1366 230 1408 iam
262 1366 350 1408 iam
382 1381 571 1423 superno
603 1368 774 1410 numini
807 1371 951 1425 grates
983 1383 1080 1425 ago,

145 1425 263 1481 quod
294 1426 380 1469 icta
411 1430 561 1470 nostra
593 1428 748 1471 cecidit
780 1428 972 1485 Antiope
1005 1444 1156 1484 manu,

144 1485 262 1541 quod
293 1501 383 1534 non
413 1488 468 1530 ad
500 1491 626 1531 antra
658 1488 812 1546 Stygia,
845 1489 1107 1533 descendens
1140 1490 1222 1533 tibi

143 1548 327 1589 matrem
359 1547 528 1603 reliqui.
592 1549 807 1607 profugus
838 1550 1014 1607 ignotas
1047 1551 1201 1607 procul

143 1620 346 1662 percurre
377 1612 547 1665 gentes:
579 1612 624 1652 te
654 1609 758 1653 licet
789 1613 904 1654 terra
935 1611 1093 1653 ultimo
1457 1621 1528 1654 930

144 1669 362 1711 summota
394 1670 556 1712 mundo
590 1670 766 1713 dirimat
798 1669 960 1714 Oceani
991 1672 1133 1729 plagis

144 1727 381 1783 orbemque
412 1730 573 1772 nostris
605 1730 789 1786 pedibus
822 1731 1054 1774 obversum
1088 1731 1224 1788 colas,

142 1786 246 1830 licet
277 1788 325 1831 in
355 1803 526 1832 recessu
557 1791 731 1846 penitus
765 1794 960 1836 extremo
992 1792 1165 1835 abditus

141 1846 356 1891 horrifera
387 1851 491 1893 celsi
521 1865 655 1908 regna
686 1852 910 1895 transieris
943 1853 1036 1909 poli

142 1908 395 1964 hiemesque
427 1925 558 1967 supra
591 1913 759 1967 positus
793 1914 836 1955 et
868 1927 997 1957 canas
1029 1914 1151 1956 nives
1456 1923 1526 1957 935

144 1969 277 2026 gelidi
308 1969 543 2014 frementes
575 1972 756 2028 liqueris
787 1972 954 2016 Boreae
986 1974 1126 2017 minas
1511 1987 1517 1993 ’

142 2031 245 2086 post
275 2032 319 2072 te
351 2030 564 2087 fumntae,
597 2033 831 2076 sceleribus
863 2049 1026 2089 poenas
1060 2035 1196 2078 dabis.

142 2090 380 2147 profugum
412 2107 489 2146 per
522 2093 664 2135 omnis
696 2094 898 2148 pertinax
923 2094 1110 2138 latebra-s
1143 2109 1358 2151 premam:

141 2151 384 2207 longinqua
417 2152 564 2196 clausa
595 2153 794 2197 abstrusa
826 2154 995 2198 diversa
1026 2156 1145 2199 invia

239 2261 309 2294 907
323 2257 450 2294 Phisis
462 2261 492 2294 E
510 2261 523 2306 fl
543 2262 614 2295 908
628 2259 881 2307 strirpemque
894 2265 923 2296 Ε
943 2264 954 2308 11
974 2266 1045 2297 909
1066 2263 1318 2308 armigeram
1336 2264 1349 2310 Η
1368 2265 1435 2298 912
1449 2273 1527 2298 non

143 2305 223 2341 ulla
247 2306 425 2345 uinctum
447 2309 503 2342 Ατ
533 2308 545 2353 ΙΙ
577 2310 642 2343 91Ἷ
670 2310 708 2344 et
734 2311 891 2355 aspectu
917 2321 1034 2356 graue
1060 2313 1091 2345 A
1119 2312 1131 2355 ΙΙ
1163 2314 1229 2346 919
1254 2311 1421 2347 turbidis
1446 2314 1498 2347 Δτ
1513 2311 1526 2357 ΙΙ

142 2357 215 2390 924
238 2365 263 2391 a.
287 2365 356 2393 om.
383 2357 438 2390 Δτ
456 2356 469 2401 ΙΙ
489 2358 560 2391 926
586 2367 653 2392 om.
674 2364 712 2400 ψ
731 2359 744 2403 Π
763 2360 835 2394 986
861 2358 1032 2403 gelidum
1051 2359 1248 2395 frementis
1275 2359 1325 2396 N.
1341 2359 1527 2396 Heinsius

135 2414 176 2448 p.
205 2404 375 2450 6911937
402 2404 510 2450 poste
536 2403 561 2440 f.
589 2407 617 2439 E
637 2406 649 2450 Ιξ
669 2408 739 2441 938
765 2416 895 2441 omnes
922 2410 951 2441 A
971 2409 983 2453 Η
1003 2410 1073 2442 939
1099 2407 1351 2454 longinquam
1375 2411 1404 2444 Ε
