1618 2554
696 81 911 121 oc'rAviA
1401 85 1493 129 403

115 194 220 230 ουτ.
251 181 497 242 Extinguat
526 184 572 226 et
601 197 690 240 me,
718 197 775 226 ne
805 191 939 226 manu
967 186 1119 227 nostra
1149 184 1292 228 cadat!

113 256 256 288 ern.
284 240 456 288 Natura
485 243 600 287 vires
630 257 722 287 non
752 242 872 287 dedit
900 245 1046 287 tantas
1077 243 1171 288 tibi.
1422 256 1492 289 175

115 316 220 350 01:¹1⁸.
249 302 392 349 Dolor
420 305 486 348 ira
516 318 687 348 maeror
716 304 915 348 miseriae
944 305 1090 348 luctus
1122 304 1299 348 dabunt.

111 376 254 410 NVTB.
285 363 425 408 Vince
457 364 736 421 obsequendo
767 365 915 422 potius
946 364 1160 408 immitem
1192 366 1345 409 virum.

114 437 219 471 00‘1'.
250 423 314 469 Vt
342 425 523 469 fratrem
554 425 807 482 ademptum
839 426 998 469 scelere
1029 427 1231 470 restituat
1261 426 1401 469 mihi?

111 497 254 531 ΜΒ.
283 484 523 530 Incolumis
553 489 605 530 ut
636 487 695 529 sis
725 487 839 543 ipsa,
869 486 1088 530 labentem
1119 490 1170 530 ut
1187 486 1379 530 'domum

113 547 325 606 genitoris
357 547 463 590 olim
495 547 647 595 subole
676 547 882 590 restituas
912 549 999 590 tua.
1078 594 1091 602 ⁴
1420 558 1490 591 180

113 618 219 653 00’1'.
250 607 469 665 Expectat
498 607 629 651 aliam
660 608 870 664 principis
902 607 1101 651 subolem
1132 608 1305 665 domus3

112 683 184 712 me
215 668 310 712 dira
340 667 487 711 miseri
518 667 610 712 fata
640 668 836 725 germani
866 667 1058 712 trahunt.

111 741 254 773 Rv'rB.
285 727 525 772 Confirmet
553 728 749 772 animum
781 728 942 772 civium
973 731 1122 772 tantus
1153 728 1289 771 favor.

112 801 218 835 00'1'.
250 788 429 833 Solatur
458 790 540 833 iste
571 791 738 846 nostra,
769 804 860 832 non
889 790 1054 833 relevat
1085 790 1211 832 mala.

111 862 252 894 NVTR.
290 849 372 893 Vis
411 863 571 908 magna
610 850 765 906 populi
809 853 886 893 est.
950 861 1053 892 oc'r.
1090 847 1306 906 Principis
1350 850 1491 893 maior

1126 913 1283 953 tamen.
1421 921 1490 953 185

112 983 250 1014 NVTR.
283 970 506 1028 Respiciet
535 971 630 1026 ipse
661 970 903 1028 coniugem.
968 981 1071 1013 oc'r.
1104 969 1265 1013 Paelex
1297 973 1425 1014 vetat.

111 1043 252 1075 NVTR.
284 1030 430 1074 Invisa
462 1031 630 1075 cunctis
660 1046 829 1088 nempe.
892 1042 995 1074 oc'r.
1038 1029 1123 1074 Sed
1155 1045 1254 1075 cara
1284 1034 1351 1074 est
1381 1031 1489 1074 viro.

111 1104 252 1135 NVTR.
284 1091 493 1135 Nondum
531 1105 643 1135 uxor
680 1095 756 1135 est.
819 1103 923 1134 oc'r.
955 1090 1046 1134 Iam
1086 1091 1181 1146 fiet,
1218 1095 1262 1135 et
1293 1092 1491 1149 genetrix

1129 1152 1270 1195 simul.

111 1225 253 1256 NVTR.
285 1212 495 1256 Iuvenilis
525 1212 654 1256 ardor
684 1213 853 1269 impetu
883 1213 1026 1269 primo
1058 1212 1184 1268 furit,

110 1273 356 1332 languescit
386 1271 501 1316 idem
532 1273 661 1316 facile
691 1287 772 1316 nec
803 1273 931 1317 durat
961 1273 1036 1315 diu
1419 1283 1489 1316 190

110 1334 159 1378 111
183 1333 353 1378 Venere
383 1333 522 1390 turpi,
554 1347 633 1376 ceu
662 1334 772 1377 levis
803 1333 1004 1376 flammae
1035 1347 1189 1389 vapor:

110 1409 235 1438 amor
264 1394 466 1452 perennis
497 1394 697 1451 coniugis
729 1396 872 1437 castae
902 1397 1060 1437 manet.

111 1455 275 1499 violare
305 1455 448 1512 prima
479 1469 590 1511 quae
621 1457 742 1498 toros
773 1469 879 1498 ausa
910 1457 975 1498 est
1005 1456 1106 1497 tuos

110 1516 391 1571 animumque
423 1514 590 1559 domini
619 1515 784 1558 famula
814 1514 1009 1572 possedit
1040 1514 1132 1570 diu,

109 1577 198 1620 iam
229 1577 387 1620 metuit
418 1575 567 1620 eadem
593 1601 653 1607 -
685 1587 789 1619 oc'r.
817 1573 986 1632 Nempe
1011 1575 1250 1631 praelatam
1277 1574 1372 1618 sibi.
1418 1585 1487 1618 195

110 1648 250 1680 ΝνΤΒ.
284 1635 489 1680 Subiecta
523 1639 567 1680 et
598 1637 795 1692 humilis,
832 1639 964 1692 atque
1005 1638 1287 1679 monumenta
1324 1636 1489 1679 extruit

111 1697 270 1753 quibus
301 1697 502 1740 timorem
534 1697 649 1740 fassa
679 1699 867 1741 testatur
897 1711 1035 1740 suum.

111 1760 156 1801 et
185 1757 298 1801 hanc
327 1758 437 1801 levis
467 1757 690 1813 fallaxque
721 1756 929 1801 destituet
960 1757 1065 1799 deus

110 1816 288 1861 volucer
318 1816 504 1875 cupido:
523 1819 595 1862 eit
623 1818 728 1862 licet
757 1817 899 1860 forma
931 1818 1142 1869 eminens,

112 1878 269 1934 opibus
301 1879 505 1936 superba,
537 1879 745 1936 gaudium
778 1879 920 1934 capiet
952 1878 1094 1920 breve.
1416 1887 1487 1920 200

416 1998 550 2042 Passa
579 2002 648 2043 est
679 1999 842 2042 similes
874 1999 970 2055 ipsa
1002 1998 1172 2041 dolores

326 2060 477 2117 regina
508 2060 656 2115 deum,

110 2187 228 2213 cunae
251 2178 370 2214 nostri
392 2178 532 2215 codices
551 2181 700 2224 praeter
726 2177 939 2215 Urbinatem
964 2188 1085 2213 omnes
1103 2178 1116 2222 ἢ
1134 2180 1200 2212 175
1226 2187 1302 2212 11011
1326 2175 1427 2211 uires
1455 2179 1486 2211 A

111 2235 202 2262 corr.
226 2231 264 2269 ψ
282 2224 295 2272 fl
313 2228 380 2261 1⁷9
403 2224 599 2262 labantem
623 2233 661 2270 ψ
679 2227 778 2272 11180
802 2225 932 2262 sobole
955 2228 1030 2270 (181
1052 2224 1235 2270 sobolem)
1255 2226 1286 2260 A
1303 2227 1315 2270 ΙΙ
1334 2227 1395 2259 181
1422 2234 1483 2259 ex·

110 2274 240 2320 pectes
265 2273 319 2310 vel
343 2275 520 2321 expectas
546 2277 577 2309 A
613 2285 706 2311 corr.
733 2282 770 2318 ψ
802 2274 849 2319 ef.
872 2274 993 2320 praef.
1021 2274 1043 2309 l.
1068 2285 1104 2309 n.
1143 2275 1156 2318 ΙΙ
1192 2275 1257 2308 195
1285 2273 1429 2308 metuet
1453 2275 1484 2307 A

110 2332 203 2358 corr.
224 2329 262 2365 ψ
284 2323 290 2368 Ι
311 2333 390 2358 οοτ.
422 2333 491 2359 om.
518 2326 550 2358 A
577 2323 665 2359 add.
685 2322 804 2359 Bothe
821 2324 835 2368 ss
853 2325 918 2358 106
944 2334 1046 2357 svm.
1072 2333 1140 2357 om.
1161 2324 1192 2356 A
1223 2321 1309 2357 add.
1331 2320 1454 2358 Ritter
1475 2319 1481 2367 l

109 2369 344 2407 monimenta
366 2372 520 2418 13111198
547 2370 723 2407 destituit
748 2374 779 2405 A
803 2382 895 2408 συντ.
916 2377 954 2413 ψ
979 2370 1026 2415 cf.
1047 2369 1170 2416 praef.
1198 2370 1220 2405 l.
1242 2381 1278 2404 u.

1194 2429 1263 2463 20*
