1618 2554
528 127 531 128 ν
564 150 567 151 ⁷
647 107 886 144 P-EAEDRA
1374 109 1461 153 163

76 222 304 266 compesce
335 207 498 252 amoris
529 207 656 264 impii
687 207 906 263 flammas,
936 222 1103 264 precor,
1392 220 1459 253 165

74 270 286 326 nefasque
317 268 437 325 quod
466 282 558 312 non
587 268 681 311 ulla
710 268 842 311 tellus
874 268 1060 311 barbara
1206 278 1222 281 ’

75 330 298 374 commisit
325 343 555 385 umquam,
585 343 677 372 non
706 329 809 386 vagi
841 329 1008 385 campis
1042 327 1174 373 Getae

75 405 157 434 nec
187 389 468 447 inhospitalis
499 388 670 433 Taurus
701 393 779 433 aut
809 404 986 446 sparsus
1020 387 1223 446 Scythes;

71 451 245 508 expelle
275 451 448 494 facinus
478 452 625 493 mente
658 450 853 494 castifica
882 449 1108 493 horridum

75 525 332 568 memorque
362 512 516 554 matris
547 513 693 554 metue
726 510 986 554 concubitus
1017 525 1167 556 novos.
1390 524 1459 556 170

75 573 258 616 miscere
287 571 508 615 thalamos
539 572 676 628 palmis
708 574 756 614 et
784 572 907 630 gnati
938 586 1124 628 apparas

74 636 288 690 utcmque
318 633 488 690 prolem
521 647 674 688 capere
706 632 934 676 confusam
966 632 1136 689 impio?

73 709 208 752 perge
239 697 284 737 et
313 693 514 737 nefandis
545 695 665 736 verte
696 696 898 736 naturam
929 693 1108 751 ignibus
1137 719 1187 724 -—

69 769 153 799 our
181 756 379 798 monstra
409 754 610 797 cessant?
642 753 743 796 aula
773 769 851 798 eur
881 753 1028 798 fratris
1060 755 1216 798 vacat?

73 815 276 873 prodigia
305 815 468 859 totiens
501 813 620 857 orbis
652 814 824 858 insueta
854 814 1020 871 audiet,
1387 827 1457 860 175

72 878 231 920 natura
260 876 423 919 totiens
454 875 628 933 legibus
660 875 785 919 cedet
816 875 925 930 suis,

75 937 278 994 quotiens
311 936 477 979 amabit
508 934 691 979 Cressa?
753 948 828 979 ΡΗ.
860 934 980 987 Quae
1012 950 1227 980 memoras
1260 938 1350 981 seio

74 1013 176 1041 vera
206 1012 320 1053 esse,
349 997 516 1053 nutrix;
549 997 625 1040 sed
654 997 779 1040 furor
808 997 930 1054 cogit
960 997 1085 1053 sequi

75 1058 238 1115 peiora.
298 1057 421 1100 vadit
452 1058 624 1100 animus
657 1058 703 1100 in
734 1071 941 1114 praeceps
975 1057 1116 1100 sciens

72 1121 324 1175 remeatque
353 1118 519 1161 frustra
549 1133 655 1160 sana
685 1118 870 1161 consilia
900 1120 1122 1174 appetens.
1387 1130 1458 1163 180

74 1180 139 1223 sic
170 1193 270 1222 cum
302 1181 526 1237 gravatam
558 1179 708 1222 navita
738 1178 919 1223 adversa
948 1181 1087 1221 ratem

74 1239 284 1298 propellit
313 1240 449 1295 unda,
481 1238 597 1282 cedit
617 1239 676 1283 'in
706 1254 868 1283 vanum
899 1238 1025 1282 labor

73 1303 119 1344 et
148 1301 267 1345 victa
295 1314 438 1357 prono
469 1299 631 1356 puppis
664 1301 859 1344 aufertur
890 1299 1013 1344 vado.

74 1361 181 1419 quid
210 1361 324 1404 ratio
355 1361 525 1416 possit?
557 1361 665 1405 vicit
695 1375 746 1404 ac
775 1363 931 1419 regnat
961 1360 1084 1403 furor

73 1424 317 1479 potensque
347 1424 443 1465 tota
474 1425 621 1465 mente
653 1421 903 1466 dominatur
934 1421 1051 1464 deus.
1385 1433 1455 1466 185

72 1482 147 1526 hie
177 1483 356 1526 volucer
384 1483 508 1526 omni
538 1483 677 1538 pollet
707 1483 902 1526 interra
930 1482 1150 1538 impotens

74 1543 307 1600 ipsumque
338 1543 529 1587 flammis
559 1545 698 1587 torret
728 1542 955 1588 indomitis
986 1541 1153 1600 Iovem3

74 1602 290 1647 Gradivus
321 1603 429 1647 istas
459 1603 644 1661 belliger
675 1604 813 1648 sensit
842 1603 979 1659 faces,

74 1665 223 1721 opifex
253 1664 424 1707 trisulci
454 1664 653 1708 fulminis
685 1664 822 1708 sensit
853 1664 978 1720 deus,

73 1728 119 1769 et
148 1725 226 1781 qui
254 1725 442 1768 furentis
474 1740 646 1782 semper
668 1723 876 1769 Aetnaeis
907 1725 1024 1783 iugis
1382 1737 1452 1769 190

73 1787 219 1829 versat
249 1786 444 1829 caminos
476 1786 578 1844 igne
609 1789 700 1829 tam
732 1800 867 1843 parvo
900 1786 1031 1842 calet3

76 1846 310 1903 ipsumque
340 1845 588 1903 Phoebum,
618 1847 707 1890 tela
738 1847 815 1903 qui
845 1861 979 1890 nervo
1011 1845 1144 1904 regit,

74 1907 174 1965 figit
203 1907 366 1964 sagitta
395 1908 555 1950 certior
586 1907 722 1951 missa
750 1922 861 1964 puer

72 1967 317 2024 volitatque
348 1967 469 2011 eaelo
501 1968 665 2025 pariter
696 1971 740 2011 et
768 1967 896 2012 terris
928 1967 1083 2025 gravis.

74 2039 214 2070 NV'rR.
246 2027 388 2071 Deum
422 2043 515 2072 esse
548 2043 740 2073 amorem
771 2028 914 2085 turpis
946 2030 990 2071 et
1021 2027 1130 2071 vitio
1160 2028 1310 2071 favens
1385 2039 1452 2072 1⁹5

171 2149 235 2181 167
262 2157 385 2194 uagus
411 2147 557 2195 campis
581 2150 673 2195 geta
697 2150 729 2182 A
765 2149 778 2194 11
814 2150 877 2183 171
901 2152 1022 2194 gnata
1047 2149 1179 2194 (gnato
1205 2159 1251 2184 m.
1277 2149 1361 2193 rec.)
1386 2152 1415 2183 Ε
1440 2147 1454 2195 fi

24 2224 27 2228 ,
73 2198 140 2230 172
167 2205 249 2242 cap.
282 2194 406 2231 fusam
438 2198 488 2231 At
530 2198 544 2251 11
585 2199 653 2232 174
683 2195 806 2242 patris
836 2200 866 2231 E
909 2197 922 2242 11
964 2199 1031 2231 184
1062 2194 1166 2241 quod
1195 2195 1295 2232 ratio
1326 2196 1454 2242 poscit

74 2242 197 2280 uincit
220 2246 251 2278 A
294 2245 308 2291 11
349 2247 416 2280 188
442 2255 544 2280 omm
575 2246 713 2291 regnat
736 2247 767 2279 A
801 2247 806 2290 Ι
841 2246 977 2291 potens
1003 2256 1041 2281 ω
1073 2255 1165 2281 corr.
1191 2244 1243 2280 N.
1269 2244 1455 2281 Heinsius

59 2303 108 2338 p.
131 2293 181 2328 62
211 2302 351 2329 nocens
379 2293 529 2330 Gronov
553 2294 566 2339 11
590 2297 655 2329 187
688 2292 910 2338 laesumque
940 2291 979 2329 fl.
1005 2296 1034 2327 Ε
1059 2294 1072 2339 11
1099 2295 1167 2328 190
1190 2292 1359 2329 furentes
1384 2296 1416 2329 A
1438 2294 1452 2339 11

74 2342 139 2375 Ιθῧ
157 2339 264 2387 turpi
276 2339 430 2377 servitio
442 2345 474 2376 A
485 2341 615 2378 furens
628 2345 658 2377 E
670 2341 837 2388 turpiter
847 2341 942 2377 vitio
955 2340 1087 2377 favens
1100 2339 1157 2390 α11
1173 2344 1240 2377 195
1248 2353 1300 2384 sq.
1315 2340 1451 2387 (Deum

77 2387 264 2435 —libido)
290 2387 416 2425 adfert
441 2390 678 2437 Amyn-§tinus
702 2390 748 2434 cf.
775 2390 894 2435 praes.
922 2399 950 2425 c.
968 2389 1020 2425 11
1041 2388 1150 2435 (vitio
1175 2388 1320 2436 favens)

1166 2451 1233 2485 11*
