1618 2554
161 140 218 183 22
594 137 632 171 L.
655 134 844 172 ANNAEI
870 131 1090 170 SENECAE

340 220 383 280 et
413 250 510 280 cum
543 235 661 277 Mors
693 234 829 276 avidis
860 231 1021 289 pallida
1053 230 1254 273 dentibus
1455 240 1525 271 555

338 299 486 355 gentes
519 296 765 339 innumeras
796 293 996 336 manibus
1028 290 1194 346 intulit,

336 371 423 400 uno
455 358 521 399 tot
552 355 706 413 populi
735 354 898 411 remige
929 353 1165 395 transeunt.

429 415 615 459 Evincas
648 415 814 458 utinam
847 413 940 455 iura
969 412 1084 455 ferae
1117 409 1267 469 Stygis

337 476 653 531 Parcarumque
685 476 803 518 colos
836 488 926 516 non
955 471 1233 516 revocabiles.

337 537 409 580 hic
441 537 516 593 qui
546 550 621 579 rex
653 534 827 592 populis
858 533 1056 590 pluribus
1089 532 1292 589 imperat,
1453 541 1524 574 560

338 597 452 640 bello
485 611 583 639 cum
614 598 780 652 peteres
810 593 1067 637 Nestoream
1099 591 1261 648 Pylon,

338 660 481 700 tecum
513 656 730 699 conseruit
761 654 985 711 pestiferas
1017 667 1171 697 manus

338 718 473 761 telum
504 716 742 774 tergemina
774 714 950 771 cuspide
982 713 1248 770 praeferens:

339 778 492 835 effugit
521 777 643 820 tenui
673 777 850 819 vulnere
882 775 1053 818 saucius
1166 817 1168 820 .

338 841 381 880 et
411 837 563 880 mortis
595 836 795 879 dominus
827 834 1052 892 pertimuit
1083 835 1205 878 mori.
1455 843 1525 876 565

337 898 474 941 fatum
505 912 656 953 rumpe
689 912 838 951 manu,
869 895 1067 938 tristibus
1099 894 1248 938 inferis
1298 910 1305 918 ·

339 960 590 1014 prospectus
623 959 768 1013 pateat
798 956 908 999 lucis
941 958 983 999 et
1015 955 1158 999 invius

338 1018 463 1060 limes
494 1018 566 1060 det
595 1016 744 1060 faciles
776 1017 829 1059 ad
862 1030 1040 1072 superos
1071 1016 1175 1059 vias.
1240 1045 1242 1048 >

427 1076 620 1121 Immites
651 1077 795 1133 potuit
826 1077 996 1120 flectere
1029 1076 1229 1119 cantibus

339 1136 817 1193 umbrarumrdominos
849 1140 893 1180 et
922 1150 1048 1195 prece
1080 1137 1269 1193 supplici
1453 1146 1523 1179 570

339 1196 554 1254 Orpheus,
579 1196 831 1254 'Eurydicen
862 1198 965 1243 dum
995 1196 1154 1254 repetit
1185 1212 1319 1240 suam.

340 1273 448 1314 quae
481 1259 611 1303 silvas
644 1261 686 1302 et
717 1273 816 1310 aves
849 1271 1038 1313 saxaque
1068 1260 1259 1301 traxerat

340 1333 425 1373 ars,
457 1329 565 1373 quae
596 1319 851 1374 praebuerat
881 1317 1135 1361 fluminibus
1166 1333 1328 1373 moras,

340 1379 393 1421 ad
425 1379 546 1421 cuius
579 1378 769 1421 sonitum
801 1378 1085 1421 constiterant
1116 1379 1250 1433 ferae,

340 1439 500 1481 mulcet
531 1454 620 1481 non
650 1439 790 1481 solitis
821 1439 1001 1482 vocibus
1035 1439 1195 1482 inferos
1457 1450 1527 1482 575

341 1501 383 1541 et
415 1498 553 1541 surdis
583 1501 756 1542 resonat
787 1499 944 1542 clarius
977 1499 1023 1541 in
1053 1499 1174 1541 locis.

342 1558 499 1601 deflent
530 1558 777 1614 Eurydicen
807 1559 1030 1603 Threiciae
1061 1574 1196 1603 nurus
1204 1593 1216 1614 ‚

341 1618 499 1662 deflent
531 1621 573 1663 et
604 1619 792 1662 lacrimis
825 1619 1024 1662 difficiles
1056 1620 1146 1675 dei,

342 1681 385 1721 et
417 1679 491 1734 qui
522 1680 663 1722 fronte
694 1679 824 1722 nimis
856 1680 1038 1722 crimina
1068 1680 1222 1722 tetrica
1277 1727 1279 1729 ,

344 1742 555 1794 quaerunt
586 1753 635 1782 ac
666 1741 829 1782 veteres
861 1740 1087 1783 excutiunt
1117 1755 1213 1783 reos
1457 1751 1527 1784 580

341 1798 493 1842 flentes
523 1798 769 1854 Eurydicen
800 1800 970 1843 iuridici
1001 1800 1160 1843 sedent.

342 1859 515 1901 tandem
548 1859 697 1902 mortis
729 1860 790 1902 ait
821 1860 1065 1904 ‘vincimur’
1098 1861 1270 1916 arbiter,

345 1918 490 1961 ‘evade
522 1919 576 1962 ad
606 1933 783 1976 superos
790 1954 801 1975 ,
831 1921 928 1977 lege
958 1923 1106 1964 tamen
1135 1921 1254 1964 data:

343 1981 392 2022 tu
422 1982 523 2035 post
553 1982 674 2036 terga
703 1981 769 2023 tui
799 1995 929 2037 perge
960 1981 1044 2024 viri
1077 1995 1241 2036 comes,
1292 2020 1294 2022 ,

343 2041 393 2081 tu
424 2054 511 2082 non
543 2042 641 2083 ante
671 2043 791 2083 tuam
822 2042 987 2097 respice
1018 2042 1267 2098 coniugem,
1456 2052 1526 2084 585

262 2172 328 2205 561.
351 2170 497 2216 peteret
521 2173 549 2204 Ε
580 2171 752 2215 peterent
771 2174 802 2205 Δ
832 2183 923 2208 corr.
944 2179 980 2215 ψ
1013 2172 1059 2216 cf.
1084 2171 1234 2208 Richter
1253 2172 1303 2208 K.
1330 2173 1372 2209 U.
1393 2183 1428 2218 p.
1450 2172 1530 2220 1811

167 2220 237 2253 566
261 2227 394 2264 rumpe
422 2229 467 2253 ea·
492 2228 663 2264 rumpere
687 2219 734 2253 1⁴3¹
769 2221 773 2265 Ι
803 2219 927 2256 tristis
959 2221 998 2255 et
1028 2219 1159 2255 inferis
1185 2222 1216 2254 A
1251 2221 1264 2266 u
1302 2223 1367 2256 571
1392 2220 1530 2268 recipit

168 2277 274 2302 suam
300 2268 330 2301 Δ
365 2266 378 2311 ΙΙ
415 2269 483 2300 577
508 2270 591 2310 post
616 2270 685 2301 580
705 2268 849 2313 positu-s
874 2270 904 2302 A
938 2269 942 2313 1
977 2266 1203 2312 Eurydicem
1229 2271 1257 2302 Ε
1290 2270 1294 2313 Ι
1325 2268 1530 2306 Tartareae

167 2326 281 2350 nurus
307 2313 453 2357 Withof
486 2312 636 2358 Elysiae
656 2315 811 2362 Bentley
849 2315 884 2350 d.
908 2315 1135 2351 Eumenides
1154 2315 1369 2352 Threiciam
1393 2329 1531 2355 nurum

168 2364 214 2401 B.
237 2360 401 2399 Schmidt
424 2362 494 2398 obs.
521 2362 600 2398 crit.
622 2373 660 2408 p.
690 2366 737 2398 16
761 2374 805 2399 ex
834 2363 937 2399 Ovid.
960 2363 1010 2398 H.
1032 2364 1074 2399 X
1091 2365 1139 2399 45
1163 2365 1226 2400 sed
1250 2364 1297 2408 cf.
1320 2365 1370 2400 H.
1390 2366 1443 2401 II
1457 2367 1531 2403 953

170 2411 220 2447 H.
242 2411 342 2456 14911
362 2412 431 2444 588
457 2411 496 2444 et
521 2410 615 2444 vade
639 2414 687 2444 At
718 2410 731 2447 i
756 2411 851 2446 vade
878 2412 1033 2458 Bentley
1060 2412 1138 2455 (Tr.
1162 2414 1249 2450 791)
