1618 2554
198 128 287 171 210
630 128 670 165 L.
691 128 884 165 ANNAEI
910 127 1130 165 SENECAE

376 241 484 282 quos
516 226 692 270 liberior
723 228 876 270 domus
908 229 1022 270 elato

376 287 552 330 custode
586 288 706 343 sinit,
738 289 887 344 petitis
917 288 1061 331 fontes
1499 301 1568 333 195

374 348 589 403 aliturque
623 348 716 390 sitis
748 348 876 391 latice
909 349 1090 406 ingesto.

375 410 591 464 prostrata
621 409 733 452 iacet
764 409 894 451 turba.
923 424 999 464 per
1029 424 1124 452 aras

375 470 554 523 oratque
586 470 715 511 mori:
748 470 888 512 solum
922 469 1006 511 hoc
1036 469 1186 513 faciles

373 528 562 571 tribuere
595 529 681 586 dei3
713 529 890 572 delubra
922 533 1096 586 petunt,

373 587 481 631 haut
511 591 560 631 ut
591 591 694 631 voto
726 591 905 632 numina
937 590 1128 647 placent,
1497 603 1568 636 200

375 649 450 691 sed
480 649 601 692 iuvat
632 650 750 705 ipsos
783 650 937 693 satiare
971 651 1084 694 deos.

509 773 760 819 OEDIPVS
813 775 1045 820 CHORVS
1098 776 1252 821 GREO

282 851 488 904 Quisnam
520 854 593 896 ille
626 869 811 910 propero
843 856 1007 913 regiam
1040 871 1191 914 gressu
1223 858 1362 914 petit?

190 913 366 956 adestne
400 913 540 957 clarus
571 916 780 972 sanguine
812 931 862 959 ac
893 916 1018 960 factis
1052 915 1160 961 Creo

190 988 247 1016 an
277 988 406 1031 aeger
434 974 604 1017 animus
634 975 745 1018 falsa
776 991 855 1032 pro
888 977 1000 1020 veris
1032 978 1180 1022 videt?

191 1044 329 1076 CHOR.
360 1033 496 1077 Adest
527 1036 689 1091 petitus
724 1037 924 1080 omm‘bus
957 1038 1071 1081 votis
1106 1037 1226 1082 Creo.
1496 1050 1566 1083 205

192 1105 299 1136 OED.
333 1093 525 1138 Horrore
558 1096 741 1151 quatior,
772 1097 863 1140 fata
896 1113 982 1153 quo
1015 1103 1197 1156 vergant
1229 1099 1386 1142 timens
1394 1133 1406 1155 ,

194 1154 498 1210 trepidumque
529 1156 703 1212 gemino
736 1160 887 1213 pectus
919 1159 1078 1202 affectu
1110 1158 1246 1202 labat:

192 1215 268 1257 ubi
299 1214 413 1258 laeta
446 1215 563 1258 duris
594 1218 731 1260 mixta
763 1218 809 1260 in
840 1219 1047 1276 ambiguo
1079 1220 1241 1275 iacent,

190 1275 380 1318 incertus
412 1276 582 1318 animus
614 1277 723 1320 scire
756 1293 854 1321 eum
887 1280 1034 1335 cupiat
1066 1281 1202 1323 timet.

281 1333 491 1378 Germane
522 1339 695 1380 nostrae
728 1339 946 1396 coniugis,
976 1340 1102 1383 fessis
1136 1356 1262 1397 opem
1494 1353 1565 1385 210

190 1395 226 1437 si
259 1410 389 1450 quam
421 1400 635 1453 reportas,
666 1412 771 1441 voce
804 1403 1035 1456 properata
1067 1401 1208 1444 edoce.

191 1465 259 1498 CR.
293 1455 518 1512 Responsa
550 1458 681 1500 dubia
713 1462 828 1502 sorte
861 1461 1066 1516 perplexa
1098 1462 1249 1505 iacent.

189 1526 295 1559 OED.
329 1515 518 1559 Dubiam
552 1517 735 1562 salutem
769 1520 843 1575 qui
876 1521 949 1564 dat
980 1522 1165 1565 adflictis
1198 1526 1339 1579 negat.

189 1587 256 1618 CR.
289 1574 487 1634 Ambage
520 1577 631 1621 flexa
662 1578 876 1635 Delphico
910 1596 1004 1624 mos
1037 1585 1102 1625 est
1134 1583 1213 1626 deo

186 1651 341 1679 arcana
372 1639 528 1694 tegere.
592 1650 701 1681 OED.
732 1639 859 1696 Fare,
891 1642 947 1684 sit
979 1642 1157 1685 dubium
1190 1644 1312 1686 licet:
1493 1655 1562 1688 215

186 1696 390 1754 ambigua
423 1698 504 1740 soli
535 1713 711 1742 noscere
745 1699 994 1757 Oedipodae
1028 1702 1164 1746 datur.

188 1767 257 1799 CR.
291 1755 475 1800 Caedem
509 1759 672 1815 expiari
704 1762 868 1818 regiam
903 1763 1032 1805 exilio
1066 1764 1170 1807 deus
1178 1799 1189 1820 ⁷

186 1819 228 1860 et
260 1817 570 1873 interemptum
602 1819 756 1863 Laium
788 1823 939 1865 ulcisci
971 1823 1110 1866 iubet:

185 1891 275 1919 non
305 1880 404 1920 ante
438 1879 555 1921 caelo
588 1880 757 1924 lucidus
790 1885 941 1925 curret
965 1884 1054 1926 dies

185 1936 455 1993 haustusque
487 1941 606 1982 tutos
638 1941 825 1984 aetheris
858 1944 955 1999 puri
988 1944 1117 1988 dabit.
1491 1957 1562 1989 220

281 2023 347 2054 194
363 2031 413 2063 sq.
443 2019 656 2068 (fatigant),
690 2035 782 2068 quos
809 2024 832 2060 1.
861 2025 895 2060 d.
924 2037 953 2061 e.
976 2026 980 2074 J
1002 2038 1030 2062 0.
1061 2027 1161 2063 sinit.
1203 2027 1303 2073 petit
1334 2029 1376 2064 at
1401 2028 1562 2075 Madvi9

185 2067 239 2104 II
251 2070 336 2112 117,
363 2079 476 2113 quem
491 2090 534 2095 —
550 2069 652 2114 sinit,
677 2072 809 2117 petitis
834 2073 999 2122 Scaliyer
1017 2077 1029 2121 Η
1048 2079 1112 2110 197
1139 2075 1252 2112 turba
1278 2076 1481 2112 cadentum
1500 2080 1531 2112 A
1550 2078 1562 2124 Η

183 2119 255 2151 202
274 2117 383 2152 inser.
406 2128 473 2152 om.
488 2120 518 2151 Δ
540 2119 545 2164 Ι
568 2130 649 2154 0111).
666 2121 788 2164 praef.
809 2125 838 2156 E
862 2123 866 2167 1
889 2134 1068 2168 prospero
1089 2128 1117 2158 Ε
1137 2126 1149 2170 Η
1168 2127 1238 2159 205
1259 2137 1341 2160 eno.
1356 2129 1385 2160 Ε
1404 2135 1471 2161 om.
1486 2124 1558 2173 ΔτΙ

183 2165 242 2211 est
272 2165 331 2200 est
356 2165 514 2212 Bentley
556 2167 568 2211 Η
606 2173 692 2213 post
723 2171 793 2203 205
826 2181 923 2206 nova
953 2183 1086 2208 scaena
1117 2175 1148 2207 A
1180 2172 1315 2219 edipus
1349 2184 1460 2210 creon
1490 2180 1528 2218 ψ
1548 2174 1560 2220 Η

182 2216 254 2248 206
289 2225 371 2248 om).
397 2216 426 2248 Ε
458 2224 525 2249 om.
554 2217 584 2248 A
620 2216 632 2261 Η
670 2219 739 2251 207
773 2217 919 2254 afflictu
950 2223 979 2253 Ε
1010 2231 1102 2255 corr.
1130 2221 1179 2256 N.
1206 2220 1390 2258 Heinsius
1416 2233 1454 2268 p.
1485 2224 1560 2258 169

184 2261 374 2308 (Bentley)
401 2262 540 2297 euentu
566 2265 596 2296 A
627 2265 639 2310 Η
676 2267 742 2299 212
767 2266 873 2302 choro
900 2267 1013 2303 datm·
1037 2272 1065 2303 Ε
1089 2271 1093 2314 1
1116 2268 1239 2304 latent
1264 2273 1295 2304 A
1319 2271 1332 2316 Η
1361 2273 1429 2305 214
1455 2269 1560 2306 chori

183 2310 242 2346 est
266 2313 295 2344 E
318 2311 322 2356 Ι
344 2319 442 2345 nexa
461 2312 516 2344 A!
533 2311 546 2356 Η
564 2315 629 2346 215
657 2313 823 2348 archana.
848 2318 876 2349 Ε
896 2316 908 2360 Η
927 2319 991 2353 217
1019 2317 1144 2352 sedem
1172 2320 1227 2352 At
1249 2320 1253 2364 1
1277 2317 1392 2354 exitio
1418 2322 1447 2353 Ε
1469 2321 1475 2365 Ι
1497 2329 1560 2354 ex-

182 2357 289 2404 piare
314 2369 342 2393 r.
364 2368 410 2394 ex
435 2358 551 2403 adyto
579 2359 612 2394 d.
637 2361 680 2396 ci.
703 2362 859 2408 Bentley
878 2364 889 2408 Η
909 2366 973 2398 218
1003 2375 1091 2400 cneo
1123 2366 1239 2402 minio
1265 2367 1409 2412 pictum
1441 2372 1474 2404 et
1499 2367 1558 2403 de-

184 2411 319 2444 tersum
344 2409 372 2442 E
396 2408 400 2452 Ι
422 2405 555 2442 ulcissi
579 2411 607 2442 Ε
627 2409 639 2453 Η
657 2411 728 2443 220
754 2410 853 2446 totos
880 2414 935 2445 Δτ
