1618 2554
670 129 879 167 OEDIPVS

88 232 209 286 vates
241 230 403 274 amictu
435 244 592 286 corpus
625 232 668 273 et
698 229 896 273 frondem
930 230 1083 285 quatit.

87 290 287 349 lugubris
318 291 429 334 imos
460 289 577 348 palla
607 290 832 346 perfundit
862 290 1013 346 pedes,

15 379 16 382 =
89 351 314 408 squalente
345 350 468 395 cultu
499 353 689 398 maestus
722 350 964 408 ingreditur
996 365 1146 408 senex,

87 411 315 467 mortifera
346 425 498 455 canam
529 414 657 455 taxus
689 411 922 468 adstringit
953 426 1136 455 comam.

85 473 214 532 nigro
246 472 447 516 bidentes
481 471 638 515 vellere
669 476 799 528 atque
831 475 950 515 atrae
981 472 1115 516 boves

87 534 203 576 intro
234 533 479 576 trahuntur.
543 533 719 576 flamma
748 533 982 588 praedatur
1013 534 1163 590 dapes,

86 594 322 650 vivumque
353 593 545 650 trepidat
575 594 676 651 igne
709 592 832 636 ferali
864 608 1005 649 pecus.

87 657 217 699 vocat
247 654 348 697 inde
379 668 528 697 manes
560 656 691 710 teque
723 654 798 710 qui
831 669 979 698 manes
1011 655 1127 712 regis

86 717 131 759 et
162 714 435 759 obsidentem
468 714 657 757 claustra
688 713 868 758 Lethaei
898 714 1038 771 lacus,

87 789 346 832 carmenque
377 775 596 833 magicum
630 775 766 818 volvit
799 778 843 818 et
873 775 1024 819 rabido
1057 777 1205 819 minax

87 836 287 880 decantat
320 850 393 879 ore
426 836 632 892 quicquid
665 838 740 879 aut
770 837 914 892 placat
946 836 1062 879 leves

86 899 164 940 aut
194 897 314 954 cogit
344 897 541 952 umbras3
573 897 828 954 sanguinem
861 896 971 940 libat
1001 897 1111 941 focis

87 957 334 1014 solidasque
365 957 551 1013 pecudes
583 957 673 999 urit
705 960 748 1000 et
780 956 919 1000 multo
953 972 1129 1014 specum

87 1020 254 1062 saturat
286 1032 455 1073 cruore3
488 1016 598 1060 libat
630 1021 673 1060 et
704 1018 878 1060 niveum
912 1019 1089 1075 insuper

86 1078 213 1122 lactis
245 1078 481 1134 liquorem,
512 1078 658 1121 fundit
690 1081 733 1121 et
764 1077 985 1122 Bacchum
1018 1095 1149 1122 manu

86 1139 209 1182 laeva
242 1139 445 1194 canitque
477 1153 626 1181 rursus
659 1154 709 1182 ac
742 1142 899 1182 terram
932 1141 1106 1183 intuens

87 1199 287 1257 graviore
318 1214 468 1242 manes
502 1213 605 1242 voce
639 1202 683 1242 et
713 1201 900 1243 attonita
931 1201 1048 1243 citat.

86 1261 266 1303 latravit
298 1259 484 1303 Hecates
516 1260 662 1317 turba3
695 1263 761 1303 ter
794 1262 926 1303 valles
960 1276 1089 1304 cavae

87 1335 269 1364 sonuere
302 1324 534 1376 maestum,
566 1323 659 1364 tota
691 1336 894 1364 succusso
928 1323 1022 1365 solo

88 1382 262 1438 pulsata
294 1380 434 1424 tellus.
500 1381 684 1424 ‘audior’
718 1385 838 1425 vates
870 1382 949 1437 ait,

89 1442 199 1484 ‘rata
230 1442 362 1485 verba
394 1442 505 1484 fudi:
538 1443 757 1499 rumpitur
790 1457 962 1485 caecum
997 1442 1128 1486 chaos

89 1502 258 1558 iterque
291 1503 466 1559 populis
499 1502 615 1546 Ditis
648 1503 703 1545 ad
735 1518 914 1559 superos
947 1504 1089 1547 datur’

88 1563 284 1606 subsedit
316 1563 459 1606 omnis
492 1563 602 1606 silva
634 1567 676 1607 et
709 1565 845 1606 erexit
877 1579 1040 1621 comas,

88 1623 249 1667 duxere
281 1624 412 1666 rimas
444 1623 602 1667 robora
634 1627 677 1667 et
708 1627 851 1667 totum
883 1640 1037 1668 nemus

89 1680 309 1728 concussit
340 1684 508 1739 horror,
540 1688 656 1728 terra
687 1701 733 1728 se
764 1689 880 1729 retro
914 1686 1032 1729 dedit

88 1745 346 1802 gemuitque
377 1746 568 1801 penitus:
601 1746 691 1788 sive
723 1747 928 1802 temptari
961 1747 1159 1790 abditum

88 1803 293 1849 Acheron
324 1805 589 1861 profundum
622 1809 767 1850 mente
798 1822 887 1850 non
919 1822 1058 1863 aequa
1088 1808 1210 1864 tulit,

91 1865 182 1909 sive
214 1865 310 1922 ipsa
342 1866 490 1922 tellus,
522 1870 572 1910 ut
604 1867 725 1910 daret
755 1867 917 1911 functis
950 1868 1084 1923 viam,

89 1939 302 1984 compage
334 1929 462 1983 rupta
488 1928 653 1984 sonuit3
686 1931 762 1971 aut
792 1929 858 1971 ira
888 1929 1037 1972 furens

93 1987 254 2043 triceps
288 1989 462 2031 catenas
495 1986 706 2031 Cerberus
738 1990 878 2032 movit
910 2003 1074 2047 graves.

1377 131 1467 176 223

1396 423 1465 456 555

1397 727 1466 760 560

1397 1031 1466 1064 565

1396 1334 1467 1367 570

1397 1637 1466 1670 575

1397 1940 1468 1973 580

186 2133 258 2165 552
283 2129 455 2167 frondem
481 2131 584 2177 rapit
612 2132 840 2176 Koetsehau,
872 2134 1054 2170 translato
1082 2138 1168 2179 post
1197 2134 1295 2170 hunc
1326 2144 1468 2169 versum

86 2189 118 2215 v.
140 2180 215 2215 555
232 2180 245 2224 ΙΙ
266 2181 334 2213 557
362 2180 471 2216 antro
497 2183 526 2214 E
558 2182 659 2216 retro
684 2184 715 2215 A
741 2193 832 2218 corr.
855 2182 911 2217 M.
935 2182 1079 2218 Mz'iller
1100 2194 1138 2228 p.
1161 2185 1209 2218 35
1234 2182 1280 2226 cf.
1305 2194 1335 2218 v.
1359 2184 1431 2218 564
1457 2182 1469 2227 ΙΙ

89 2230 159 2262 580
185 2226 314 2273 Teque
334 2227 411 2263 obs.
435 2227 592 2275 Bentley
615 2231 620 2274 Ι
643 2229 769 2265 letalis
796 2230 902 2266 lacus
922 2243 960 2266 ω
981 2230 1082 2278 (loet.
1104 2232 1146 2277 E)
1166 2242 1257 2267 corr.
1280 2231 1330 2267 N.
1346 2230 1466 2266 Hein-

86 2275 167 2312 sius
191 2286 225 2314 υ.
247 2278 320 2311 174
350 2278 362 2321 ΙΙ
394 2279 463 2312 563
489 2276 625 2323 irrigat
652 2278 807 2324 sanguis
834 2278 939 2315 focos
965 2282 995 2314 A
1026 2281 1141 2325 „⁸567
1170 2280 1209 2315 et
1234 2280 1375 2315 terram
1400 2281 1430 2312 A
1456 2279 1467 2324 ΙΙ

88 2326 158 2359 568
186 2323 261 2360 ciet
286 2326 335 2359 Δτ
358 2325 461 2370 11569
487 2336 554 2371 per
579 2325 696 2362 valles
724 2337 836 2363 cavas
861 2331 890 2362 E
910 2329 921 2374 11
943 2331 1013 2363 574
1040 2327 1212 2363 subsedit
1237 2339 1274 2363 ω
1305 2325 1468 2362 subsidit

89 2371 204 2419 (quod
235 2371 331 2409 idem
357 2375 423 2418 est)
450 2373 527 2410 Leo
559 2385 641 2411 cum
671 2375 857 2412 Gronovio
880 2378 885 2421 Ι
909 2387 1056 2411 comam
1081 2380 1111 2410 A
1146 2378 1157 2422 n
1197 2379 1267 2411 576
1292 2374 1396 2411 unda
1429 2384 1468 2410 se

88 2420 245 2468 Bentley
270 2421 349 2458 coll.
369 2432 401 2458 v.
424 2424 500 2458 582
