1618 2554
148 127 271 165 XVIII
694 130 973 170 PRAEFATIO

147 233 307 273 ratione
332 235 622 286 assequeretur,
641 248 689 275 ex
708 234 892 276 omnibus
918 234 1032 275 libris
1059 248 1157 286 quos
1176 237 1264 288 ipse
1281 239 1523 291 inspexerat,

147 300 291 332 novem
329 292 452 345 elegit
488 295 621 335 aetate
659 296 801 335 ceteris
823 296 1076 347 superiores,
1116 309 1286 347 quorum
1330 299 1522 340 lectiones

147 351 361 405 diligenter
385 353 569 394 enotaret
594 356 729 407 eisque
754 356 861 396 inter
884 366 928 395 se
954 355 1112 396 collatis
1139 358 1181 396 et
1205 357 1409 399 subtiliter
1431 373 1523 412 per-

147 413 282 464 pensis
323 408 469 454 clesses
511 407 708 466 quasdam
748 417 790 455 et
829 415 1008 456 familias
1053 418 1331 470 constitueret,
1373 420 1521 471 quibus

145 474 295 526 singuli
333 487 412 526 quo
450 474 756 515 necessitudinis
794 476 923 528 gradu
959 477 1126 528 propius
1164 478 1230 517 vel
1266 478 1426 532 longius
1468 480 1519 521 ab

145 528 364 586 archetypo
402 535 606 586 abessent,
644 536 766 576 facile
806 539 942 587 posset
982 536 1174 588 dignosci.
1239 537 1343 579 Sunt
1384 542 1518 581 autem

143 606 288 634 novem
306 595 370 634 illi
390 595 516 635 altero
536 597 688 636 saeculi
712 596 808 636 XIV
828 596 995 636 dimidio
1020 598 1178 637 exarati
1196 611 1332 640 omnes
1357 603 1520 652 praeter

142 667 268 694 unum
299 649 374 709 (O)
406 656 565 696 saeculo
595 656 671 696 XV
703 658 983 708 conscriptum.
1052 657 1113 697 Ac
1144 657 1243 699 duos
1273 661 1404 712 primo
1429 661 1518 702 loco

141 715 294 767 positos
332 713 394 770 (M
419 717 459 755 et
483 710 542 770 N)
581 730 628 755 ex
665 730 746 757 uno
783 716 1001 769 eodemque
1032 717 1136 758 libro
1174 731 1299 771 eoque
1333 721 1517 762 omnibus

142 775 283 814 ceteris
322 777 540 816 vetustiore
567 771 644 832 (Σ)
676 777 897 829 descriptos
935 790 1019 818 esse
1057 777 1372 821 luculentissime
1411 794 1517 823 com-

112 867 118 873 .
140 835 330 886 probavit
356 831 396 890 (Ι
417 836 441 876 6
457 830 575 891 sqq.)
631 835 707 881 His
739 839 872 878 aetate
902 838 1191 890 propemodum
1223 839 1355 881 affinis
1387 842 1518 882 altera

141 899 211 935 est·
233 895 428 936 librorum
457 896 554 949 biga
586 891 638 952 (Q
666 900 706 937 et
731 892 799 952 R),
830 911 930 949 quos
957 899 1147 952 gemellos
1179 912 1263 940 esse
1295 903 1336 942 et
1366 901 1516 942 librum

138 957 441 1007 repraesentare
478 957 624 998 codicis
662 960 703 998 Σ
737 959 966 1010 aequalem,
1008 971 1254 1011 quamquam
1293 961 1337 1002 in
1373 962 1528 1003 multis

139 1015 330 1056 differunt
354 1011 423 1071 (cf.
445 1018 543 1058 412.
574 1014 694 1073 173),
723 1020 792 1058 vix
817 1020 1031 1071 quisquam
1058 1021 1285 1061 accuratius
1309 1034 1396 1062 rem
1424 1036 1514 1075 per·

138 1077 313 1128 pendens
346 1079 566 1130 negaverit.
627 1077 843 1131 Proprium
874 1080 1008 1120 locum
1038 1082 1151 1120 tenet
1182 1080 1305 1122 codex
1334 1081 1512 1124 Lauren·

138 1137 273 1177 tianus
304 1137 406 1188 plut.
433 1139 503 1189 37,
524 1139 549 1177 6
577 1151 612 1178 a.
641 1140 755 1179 1368
783 1134 855 1194 (L)
885 1152 963 1191 quo
989 1141 1125 1181 nunus
1149 1142 1421 1194 interpolatae
1452 1157 1513 1184 re-

138 1197 335 1238 censionis
363 1198 591 1250 antiquiore
622 1200 791 1252 originis
818 1212 924 1240 anno
954 1201 1134 1241 innotuit
1159 1197 1294 1256 (LeoI
1313 1204 1368 1242 42
1381 1198 1513 1260 sqq.*)

137 1256 177 1298 Is
208 1257 311 1297 liber
332 1259 377 1297 in
407 1259 547 1299 multis
578 1272 669 1299 cum
700 1260 740 1299 Φ
765 1261 974 1300 consentit.
1026 1260 1179 1307 Quarto
1204 1263 1292 1303 loco
1319 1266 1513 1315 quattuor

136 1316 231 1357 libri
255 1321 521 1370 recensentur,
547 1333 718 1371 quorum
744 1332 956 1361 consensus
981 1322 1117 1373 potius
1145 1335 1265 1374 quam
1290 1327 1513 1377 communis

136 1377 378 1430 archetypus
397 1379 537 1419 littera
554 1381 600 1419 H
613 1381 789 1420 notatur.
823 1381 902 1421 Eos
928 1382 1028 1422 satis
1046 1394 1190 1432 puram
1211 1385 1252 1423 et
1269 1384 1511 1425 incolumem

135 1438 317 1490 vulgaris
348 1439 532 1479 lectionis
563 1441 782 1493 imaginem
811 1441 976 1482 reddere
1012 1454 1084 1482 suo
1115 1443 1201 1483 iure
1232 1442 1322 1483 Lno
1353 1446 1508 1485 statuit.

225 1498 280 1538 Et
303 1499 378 1538 hoc
404 1500 566 1550 quidem
591 1502 858 1541 certissimum
883 1504 957 1553 est,
981 1502 1091 1555 quod
1115 1502 1204 1543 Lno
1235 1503 1344 1555 dicit,
1374 1505 1510 1545 arche-

135 1559 226 1610 typi
257 1561 478 1599 communis
507 1560 720 1601 lectionem
750 1574 896 1602 novem
920 1562 1084 1603 illorum
1108 1558 1290 1604 codicum
1316 1576 1511 1606 consensu

134 1620 446 1670 repraesentari:
476 1633 558 1661 non
583 1621 643 1660 ita
671 1624 825 1661 certum
856 1622 965 1673 quod
996 1622 1122 1674 addit,
1153 1623 1224 1663 ubi
1255 1624 1510 1677 dissentiant,
1535 1633 1538 1636 ’

135 1678 187 1718 ad
205 1678 318 1718 illam
333 1679 460 1719 ΣΦΙ,
473 1680 638 1732 propius
656 1682 859 1733 accedere3
873 1685 914 1723 et
931 1685 1111 1734 proxime
1132 1683 1294 1735 quidem
1306 1687 1356 1736 Σ,
1367 1688 1412 1725 in
1428 1699 1508 1738 quo

136 1751 239 1790 quae
270 1739 491 1791 depravata
523 1742 565 1780 et
594 1740 740 1781 obruta
763 1743 857 1795 sint,
886 1756 933 1783 ea
968 1744 1006 1782 Φ
1030 1743 1095 1783 vel
1120 1743 1154 1782 L
1186 1744 1389 1786 codicibus
1413 1758 1507 1798 sup-

135 1798 321 1850 peditari.
385 1798 500 1846 Quod
531 1802 565 1840 si
606 1804 746 1842 contra
779 1805 820 1842 Σ
828 1801 904 1842 ΦΙι
935 1804 979 1842 in
1011 1805 1059 1843 Π
1089 1805 1153 1844 vel
1189 1805 1360 1857 singulis
1390 1805 1505 1847 libris

135 1861 296 1911 praeter
323 1873 467 1900 novem
495 1862 593 1901 istos
625 1875 763 1902 verum
796 1865 914 1915 extet,
945 1863 988 1902 id
1013 1864 1160 1915 ubique
1186 1864 1382 1905 Italorum
1413 1879 1504 1906 con·

132 1913 296 1959 iecturis
328 1919 474 1974 deberi.

222 1978 372 2019 Verum
410 1981 611 2021 enimvero
650 1982 871 2022 cavendum
913 1986 994 2034 est,
1033 1997 1082 2023 ne
1115 1985 1156 2023 in
1197 1984 1391 2025 librorum
1433 1988 1504 2038 qui

133 2040 256 2078 trium
298 2039 362 2080 vel
403 2034 596 2091 quattuor
635 2042 915 2083 decenniorum
959 2043 1136 2084 eiusdem
1180 2046 1330 2085 saeculi
1369 2048 1505 2099 spatio

229 2165 261 2212 ⁸)
279 2164 428 2202 Fallere
440 2167 568 2213 potuit
580 2168 812 2214 improvidos
832 2169 1060 2217 subscriptio
1081 2171 1223 2207 codicis
1236 2170 1503 2218 Lugdunensis

133 2213 245 2262 (Bat.)
263 2212 398 2260 XVIII,
418 2218 462 2250 16
485 2214 527 2258 E,
554 2216 679 2261 qualis
706 2227 729 2253 a
749 2216 879 2253 Geelio
905 2218 946 2254 in
965 2217 1141 2266 catalogo
1166 2230 1253 2255 mss.
1274 2219 1393 2267 Lugd.
1413 2220 1498 2258 Bat.

131 2274 169 2298 n,
189 2265 258 2299 370
277 2261 463 2307 redditur,
482 2263 549 2299 ubi
569 2275 602 2300 a.
626 2268 718 2300 1340
745 2265 914 2302 codicem
933 2265 1075 2313 legitur
1094 2266 1276 2313 scriptum
1302 2278 1394 2305 esse.
1425 2267 1500 2306 Sed

132 2310 172 2346 in
198 2309 288 2346 anni
313 2321 468 2346 numero
490 2314 577 2358 post
595 2312 745 2349 littei-as
766 2311 851 2350 CCC
871 2325 986 2350 unam
1005 2313 1173 2350 litteram
1201 2315 1321 2352 cultro
1345 2316 1502 2362 penitus

132 2369 280 2395 erasam
304 2360 344 2395 et
369 2368 483 2405 supra
508 2359 679 2396 foramen
703 2360 913 2410 litterulam
928 2369 931 2371 ’
945 2373 966 2397 o
993 2362 1174 2409 scriptam
1200 2374 1281 2399 esse
1304 2363 1351 2400 H.
1372 2364 1500 2412 Klapp

133 2405 225 2443 olim
249 2417 318 2443 nos
346 2406 475 2443 docuit
500 2409 546 2454 (v.
573 2408 691 2454 praef.
718 2409 855 2456 prioris
882 2410 1061 2448 editionis
1086 2423 1120 2457 p.
1142 2410 1333 2448 XXXVIII
1343 2413 1423 2460 sq.).
