1618 2554
677 144 854 181 MEDEA
1376 144 1463 188 143

80 250 125 291 et
153 246 279 290 triste
309 246 435 289 laeva
465 259 738 303 congregans
770 258 941 288 sacrum
973 259 1105 287 manu
1394 255 1466 288 680

79 310 226 365 pestes
256 309 387 350 vocat
419 320 716 362 quascumque
746 305 956 348 ferventis
989 307 1107 348 creat

78 368 243 412 harena
271 366 438 425 Libyae
470 381 664 424 quasque
696 368 908 423 perpetua
938 366 1039 409 nive

78 427 249 472 Taurus
280 428 484 471 cohercet
514 428 679 485 frigore
705 426 870 470 Arctoo
902 428 1070 485 rigens,

79 492 124 533 et
156 504 284 533 omne
317 491 575 532 monstrum.
638 490 777 531 tracta
808 488 991 546 magicis
1024 487 1224 531 cantibus

79 550 345 606 squamifera
374 548 554 593 latebris
586 548 716 597 turba
747 549 928 592 desertis
960 548 1092 592 adest.
1133 565 1147 568 ·
1394 558 1465 592 685

79 611 152 654 hic
184 625 313 654 saeva
345 625 523 666 serpens
556 619 714 666 corpus
746 609 1009 653 immensum
1041 609 1180 652 trahit

78 671 358 729 trifidamque
388 671 587 729 linguam
619 672 788 714 exertat
818 673 863 714 et
893 670 1065 727 quaerit
1098 670 1257 726 quibus

80 732 305 776 mortifera
335 732 499 775 veniat:
532 735 722 775 carmine
753 731 903 774 audito
935 733 1083 787 stupet

79 792 384 849 tumidumque
416 792 544 835 nodis
575 807 734 849 corpus
767 793 960 851 aggestis
992 793 1129 849 plicat

80 854 286 911 cogitque
318 854 366 896 in
397 853 535 896 orbes.
600 852 750 910 ‘parva
780 853 899 896 sunt'
931 853 1077 910 inquit
1108 853 1241 896 ‘mala
1396 862 1466 897 690

81 916 126 958 et
155 914 242 957 vile
272 914 411 957 telum
444 916 529 970 est,
560 914 651 957 ima
681 914 800 970 quod
829 914 960 958 tellus
993 915 1128 958 creat:

81 975 201 1018 caelo
232 977 381 1031 petam
413 990 590 1019 venena.
655 975 743 1017 iam
775 974 863 1018 iam
894 977 1069 1031 tempus
1102 977 1168 1018 est

80 1035 248 1092 aliquid
278 1050 453 1078 movere
485 1035 637 1079 fraude
668 1035 840 1093 vulgari
872 1036 1016 1079 altius.

46 1116 50 1119 ·
80 1095 168 1139 huc
199 1097 274 1139 ille
306 1096 421 1139 vasti
452 1111 572 1139 more
604 1097 810 1140 torrentis
842 1095 988 1140 iacens

81 1156 314 1200 descendat
344 1157 523 1214 anguis,
554 1157 678 1200 cuius
712 1157 949 1200 immensos
983 1157 1111 1212 duae,
1392 1167 1464 1200 695

79 1218 222 1260 maior
251 1218 500 1274 minorque,
532 1218 727 1261 sentiunt
756 1218 895 1261 nodos
926 1218 1043 1261 ferae

83 1275 244 1337 (maior
273 1276 470 1336 Pelasgis
502 1281 625 1335 apta,
658 1277 851 1322 Sidoniis
883 1277 1045 1336 minor)

80 1353 338 1395 pressasque
370 1339 547 1383 tandem
580 1340 722 1382 solvat
754 1337 1013 1396 Ophiuchus
1045 1354 1200 1382 manus

80 1399 287 1456 virusque
317 1399 491 1456 fundat3
522 1400 636 1444 adsit
667 1401 723 1443 ad
753 1402 906 1443 cantus
939 1415 1059 1443 meos

80 1458 291 1505 lacessere
323 1475 454 1504 ausus
488 1461 663 1519 gemina
694 1460 871 1518 Python
902 1461 1094 1504 numina.
1397 1471 1466 1503 ’τοο

81 1523 127 1564 et
157 1519 311 1576 Hydra
341 1524 385 1564 et
417 1522 559 1564 omnis
591 1522 740 1565 redeat
770 1520 986 1565 Herculea
1017 1537 1149 1566 manu
1414 1532 1416 1534 ·

83 1582 250 1624 succisa
281 1597 478 1638 serpens,
510 1582 640 1626 caede
673 1597 718 1625 se
749 1597 956 1639 reparans
988 1597 1078 1626 sua.

80 1644 130 1684 tu
163 1656 338 1699 quoque
368 1642 533 1687 relictis
565 1642 754 1701 pervigil
786 1642 961 1686 Colchis
993 1643 1112 1698 ades,

82 1703 226 1758 sopite
256 1703 448 1759 primum
481 1704 702 1760 cantibus,
734 1718 929 1760 serpens,
960 1704 1098 1747 meis?

172 1762 412 1820 Postquam
445 1765 642 1808 evocavit
674 1779 802 1808 omne
835 1767 1085 1821 serpentum
1118 1778 1274 1822 genus,
1396 1773 1465 1807 705

82 1823 280 1881 congerit
311 1825 358 1868 in
390 1839 526 1868 unum
556 1825 698 1883 frugis
729 1825 945 1869 infaustae
977 1825 1109 1868 maja:

83 1898 383 1941 quaecumque
415 1889 594 1943 generat
625 1886 771 1930 invius
803 1887 919 1929 saxis
951 1884 1091 1942 Eryx,

85 1959 197 2001 quae
227 1945 314 1989 fert
343 1946 509 2002 opertis
540 1946 684 1990 hieme
714 1950 927 2003 perpetua
958 1947 1074 2004 iugis

179 2054 251 2088 880
277 2063 522 2100 comprecans
536 2057 565 2089 E
592 2053 871 2100 complicansA
896 2054 1135 2101 (comparans
1157 2053 1339 2090 Baclaeler
1364 2064 1465 2089 com-

82 2099 250 2146 primens
270 2101 494 2149 Koetschau)
514 2113 607 2140 corr.
629 2103 782 2139 Richter
799 2104 812 2149 Ιξ
832 2106 898 2138 681
916 2103 1120 2150 pestesque
1139 2105 1189 2137 Af
1213 2101 1378 2138 sementi
1397 2105 1465 2137 EA

81 2159 174 2185 corr.
200 2156 239 2193 ψ
266 2152 309 2195 (τ
338 2150 420 2195 Va.)
441 2152 544 2197 11888
571 2152 676 2188 arcto
703 2151 827 2187 oriens
852 2155 882 2187 Ε
901 2153 914 2197 ss
933 2154 1005 2188 684
1030 2150 1108 2188 coit
1127 2161 1238 2187 omne
1263 2151 1308 2186 ci.
1329 2151 1466 2196 Peiper

82 2207 130 2233 en
149 2208 181 2233 o.
196 2209 246 2234 m.
262 2198 473 2235 Koetschau
491 2201 504 2244 ss
523 2202 593 2235 6⁸5
615 2210 797 2245 squamea
815 2198 881 2236 lat.
900 2203 932 2235 A
950 2202 962 2246 Η
981 2202 1054 2237 θῦθ
1062 2210 1158 2243 ,sera
1176 2202 1207 2234 A
1225 2201 1238 2245 ΙΙ
1257 2202 1326 2234 6⁸⁸1
1348 2208 1465 2244 quae-

80 2255 167 2282 rens
187 2246 244 2294 ΔΗ
256 2249 327 2282 892
346 2246 425 2283 iam
443 2259 544 2283 nunc
562 2249 589 2284 t.
605 2259 626 2283 e
645 2252 677 2283 A
695 2249 773 2284 iam
792 2249 820 2285 t.
835 2258 855 2284 e
875 2252 904 2284 Ε
924 2259 1015 2285 corr.
1031 2248 1181 2285 Gronov
1193 2248 1205 2294 ᾖ
1219 2250 1411 2284 694—708
1432 2250 1466 2283 et

81 2296 276 2331 'en—*144
301 2300 430 2332 extant
453 2297 495 2332 in
513 2300 545 2331 Β
563 2297 576 2343 ΙΙ
595 2300 666 2333 696
680 2301 767 2342 post
785 2300 852 2333 701
871 2300 902 2332 B
920 2299 934 2343 ll
952 2300 1022 2332 698
1042 2296 1230 2344 ophiueus
1254 2299 1322 2332 BE
1355 2294 1465 2341 ophi-

82 2341 191 2379 ulcus
211 2345 261 2378 Af
284 2345 298 2390 u
316 2347 387 2379 699
413 2343 551 2380 fundat
575 2344 625 2380 Β*
651 2346 794 2381 eandat
811 2345 861 2381 3¹
879 2347 892 2392 ss
911 2349 983 2381 ’100
1007 2345 1154 2394 phyton
1174 2347 1241 2380 EA
1259 2346 1272 2390 1}
1291 2347 1357 2380 '101
1382 2353 1463 2380 ma-

82 2402 155 2426 nus
173 2393 240 2426 BE
259 2392 272 2438 n
291 2395 363 2427 ⁷02
385 2392 533 2428 succisa
549 2395 650 2438 (ante
670 2404 694 2429 a
712 2398 899 2439 expuncta
917 2395 936 2430 t
953 2395 1009 2429 vel
1028 2393 1042 2428 i
1060 2398 1104 2430 ut
1122 2393 1214 2438 vid.)
1229 2396 1260 2428 B
1276 2392 1281 2441 Ι
1298 2392 1388 2442 sede
1402 2396 1431 2427 E
1451 2392 1464 2440 Η

82 2442 154 2475 ⁸108
174 2438 318 2476 oolchis
331 2443 364 2476 R
381 2442 395 2486 n
412 2444 484 2476 '106
505 2441 669 2487 contigit
687 2442 726 2488 (i.
748 2453 775 2479 e.
797 2441 972 2490 conligit)
987 2444 1036 2477 Δτ
1063 2442 1068 2488 ξ
1091 2440 1227 2488 fragiis
1246 2439 1419 2477 infantae
1431 2444 1465 2477 R
