1618 2554
126 98 250 135 XXVI
678 94 956 137 PRAEFATIO

125 199 249 241 habes
286 196 543 252 sepulcrum'.
607 199 665 241 cf.
698 200 842 253 Peiper
880 200 1019 253 Suppl.
1053 216 1090 253 p.
1117 201 1192 255 35,
1217 201 1292 243 Rh.
1319 201 1420 242 Mus.
1444 204 1498 245 37

127 255 146 315 <
221 255 598 374 7.)’Al1'1gustinus
640 324 780 361 contra
821 321 1016 361 Faustum
1059 322 1129 371 20,
1156 323 1195 372 9,
1223 316 1397 378 (Corpus
1430 322 1499 362 SS.

126 381 219 421 eccl.
251 381 424 422 vindob.
450 381 573 432 XXV,
597 375 660 436 1)':
705 381 810 422 unde
843 381 1007 433 quidam
1046 394 1184 422 eorum
1214 384 1392 436 tragicus
1425 384 1501 423 ait:

319 441 437 482 deum
468 454 552 482 esse
584 454 762 482 amorem
791 443 922 494 turpis
955 444 996 481 et
1027 442 1128 481 vitio
1160 443 1302 494 favens

317 501 435 542 finxit
463 501 601 542 libido.

127 558 294 616 [Phaed.
318 564 402 603 195
415 558 466 616 s]
500 561 557 602 Cf.
591 563 756 602 Richter
787 562 889 603 Krit.
923 562 1081 602 Unters.
1114 576 1152 614 p.
1175 564 1199 602 6
1227 576 1265 602 n.
1287 564 1326 603 2.

217 624 255 662 8.
289 622 517 663 Sidonius
548 621 859 674 Apollinaris
893 617 1088 677 (Menum.
1115 622 1246 663 Germ.
1269 623 1363 664 hist.
1383 623 1501 664 Auct.

59 721 63 725 ,
125 683 332 735 antiquiss.
354 682 464 722 VIII.
515 683 646 732 Beml.
671 677 806 737 1887)
839 696 870 722 c.
891 679 950 722 IX
977 684 1085 722 231:

340 756 422 783 non
452 743 560 794 quod
592 742 778 783 Corduba
809 745 1050 795 praepotens
1084 744 1256 783 alumnis

340 802 558 843 facundum
589 805 668 843 ciet
698 804 764 843 hic
794 805 911 855 putes
944 803 1170 855 legendum.

340 876 510 915 quorum
541 876 644 903 unus
676 864 774 903 colit
804 863 1010 915 hispidum
1041 863 1214 904 Platona

340 924 619 975 incassumque
650 936 768 964 suum
800 927 937 964 monet
966 924 1181 975 Neronem,

340 985 586 1024 orchestram
601 979 604 981 ’
617 985 716 1025 colit
748 985 851 1026 alter
883 984 1101 1036 Euripidis,

338 1045 493 1096 pictum
524 1045 701 1084 faecibus
732 1045 978 1096 Aeschylum
1011 1047 1169 1085 secutus

341 1105 411 1145 aut
442 1105 635 1157 plaustris
667 1106 832 1144 solitum
864 1117 1006 1146 sonare
1039 1106 1228 1158 Thespin,

341 1166 411 1216 qui
440 1166 534 1217 post
563 1165 725 1217 pulpita
756 1167 857 1205 trita
888 1167 961 1205 sub
995 1167 1192 1206 cothurno

339 1226 539 1265 ducebant
570 1226 703 1280 olidae
733 1240 887 1266 marem
919 1226 1097 1278 capellae

337 1299 518 1338 pugnam
548 1287 692 1325 tertius
723 1287 794 1326 ille
826 1285 1028 1326 Gallicani

338 1346 442 1386 dixit
473 1345 654 1386 Caesaris
687 1347 760 1386 etc.

121 1405 179 1445 Id.
206 1418 238 1446 c.
265 1405 365 1445 XIII
396 1400 468 1460 (ad
501 1401 779 1460 Consentium)
811 1420 846 1446 v.
879 1408 980 1446 162:

339 1466 438 1517 quid
470 1467 594 1507 celsos
627 1467 797 1507 Senecas
829 1468 974 1518 loquar
1005 1468 1069 1506 vel
1100 1467 1217 1507 illum

338 1539 457 1578 quem
488 1527 560 1566 dat
590 1526 751 1566 Bilbilis
784 1527 871 1567 alta
901 1527 1132 1567 Martialem

337 1588 536 1626 terrarum
566 1587 777 1639 indigenas
808 1586 1120 1628 Hibericarum?

123 1645 181 1686 Of.
208 1646 373 1686 Richter
397 1646 458 1685 De
486 1646 637 1686 Seneca.
661 1650 764 1700 trag.
787 1649 891 1687 auct.
913 1661 950 1699 p.
973 1649 1039 1687 7s.
1072 1647 1218 1699 Peiper
1236 1647 1376 1700 Suppl.
1398 1661 1436 1699 p.
1459 1649 1496 1688 1.

212 1706 397 1759 Vestigia
427 1708 667 1747 imitationis
693 1708 938 1747 Annaeanae
971 1710 1205 1759 comparent
1234 1709 1278 1748 in
1307 1708 1372 1749 his
1389 1709 1496 1753 ⁴locis

123 1780 147 1806 a
171 1766 340 1819 Peipero
366 1767 542 1807 collatis:
575 1766 616 1807 C.
637 1767 765 1817 XXII,
786 1769 842 1810 89.
869 1779 898 1808 s.
922 1769 977 1808 94
1011 1771 1051 1807 et
1083 1767 1171 1808 Sen.
1198 1767 1314 1809 Herc.
1334 1768 1368 1820 Ι,
1388 1769 1497 1819 39ος

122 1824 218 1867 Oed.
246 1828 344 1866 616.
372 1827 470 1867 635.
514 1849 569 1854 -—
616 1826 656 1866 Ο.
684 1827 781 1878 VH,
810 1828 882 1879 53,
913 1829 997 1868 124
1031 1830 1072 1868 et
1102 1828 1250 1868 Phaed.
1279 1829 1394 1868 1123
1409 1841 1495 1880 sqq.

125 1888 239 1927 1128
254 1900 340 1938 sqq.
375 1909 431 1914 -
464 1900 523 1938 ep.
543 1888 565 1926 Ι
586 1888 625 1939 5,
645 1889 671 1927 4
699 1890 739 1928 et
764 1888 865 1939 Thy.
887 1889 985 1927 465.

215 1949 252 1986 9.
286 1946 543 1987 Statianae
581 1947 855 1996 Thebaidos
894 1950 1265 1999 commentator,
1310 1949 1383 2000 qui
1418 1948 1495 1989 La-

121 2008 266 2047 ctantii
285 2003 530 2061 [LuctatiiP]
558 2007 713 2047 Placidi
737 2010 898 2049 nomine
924 2008 1065 2059 fertur,
1089 2008 1151 2048 ad-
1167 2008 1289 2048 Theb.
1308 2007 1369 2048 IV
1389 2009 1495 2050 530:

123 2069 232 2119 quia>
251 2067 382 2108 Minos
409 2080 449 2107 se
475 2080 556 2107 non
587 2070 633 2107 ut
663 2082 800 2121 regem
826 2070 897 2109 aut
927 2070 1159 2119 tyrannum,
1183 2069 1254 2108 sed
1283 2071 1495 2120 tamquam

122 2140 248 2178 unum
284 2126 333 2169 de
370 2127 485 2179 plebe
523 2130 666 2180 gessit,
703 2141 806 2180 quae
844 2129 932 2169 laus
970 2140 1127 2169 summa
1163 2131 1233 2168 est.
1266 2130 1313 2168 ut
1345 2128 1495 2170 Seneca

121 2187 165 2231 in
196 2187 369 2238 Thyeste
401 2183 747 2242 [342—352]:*)

219 2277 252 2326 *)
282 2278 388 2315 Idem
414 2287 518 2324 ‘quae
545 2278 640 2314 dicit
665 2278 715 2314 ad
740 2278 807 2314 Th.
828 2277 882 2314 IV
901 2282 986 2327 153⁷
1004 2278 1208 2315 ‘Hercules
1241 2290 1285 2315 eo
1316 2279 1400 2316 loco
1431 2280 1494 2316 cui

122 2326 296 2364 Proetion
321 2331 458 2363 nomen
483 2327 561 2362 est’
591 2325 641 2361 ad
669 2325 715 2362 H.
730 2339 759 2362 11
780 2330 872 2363 1446
899 2328 957 2373 (ut
1002 2327 1115 2363 ressit
1135 2326 1269 2374 Oeten)
1294 2327 1494 2367 referenda

123 2386 216 2422 esee,
242 2375 304 2411 vix
331 2373 403 2411 erit
428 2373 493 2420 qui
520 2386 605 2410 cum
631 2373 833 2411 Welckero
852 2373 928 2421 (Gr.
982 2385 1060 2422 rag.
1081 2377 1240 2421 91448)
1265 2376 1494 2414 contendere

65 2502 122 2554 κ
