1618 2554
675 107 906 147 'PROADES
1433 106 1493 151 63

97 227 241 259 AGAH.
266 213 442 258 Inclusa
459 211 599 255 fluctu
629 236 686 241 —
738 220 911 252 PYRRH.
936 206 1111 265 Nempe
1139 209 1320 267 cognati
1339 207 1493 252 maris:

97 276 223 320 Atrei
248 277 299 319 ⁴et
327 274 547 331 Thyestae
578 271 775 315 nobilem
806 269 913 313 novi
945 268 1139 312 domum.
1420 279 1490 312 341

96 348 243 381 AGAM.
273 335 345 380 Ex
377 334 564 392 virginis
595 333 807 388 concepte
837 330 1004 373 furtivo
1038 331 1191 387 stupro

97 400 145 443 et
172 413 227 441 ex
258 395 433 440 Achille
463 396 586 450 nate,
618 393 694 437 sed
724 392 921 435 nondum
954 390 1049 433 viro
1081 415 1143 422 -

51 499 54 502 .
96 469 268 503 PYRRH.
300 455 386 500 1110
418 471 473 499 ex
503 454 697 509 Achille,
729 467 889 511 genere
920 451 999 508 qui
1030 452 1243 494 mundum
1277 467 1357 495 suo

99 533 275 578 sparsus
307 533 386 575 per
417 530 548 560 omne
579 515 787 558 caelitum
817 527 1005 571 regnum
1036 514 1176 556 tenet:
1421 523 1494 557 345

98 579 284 624 Thetide
314 577 497 634 ae'quor7
527 576 707 619 umbras
738 573 904 629 Aeaco,
936 573 1106 616 eaelum
1138 570 1254 616 Iove.

98 652 244 684 ΑΕΔΗ.
275 638 360 683 Illo
393 654 448 681 ex
479 636 674 692 Achille,
704 636 783 692 qui
814 649 947 693 manu
979 633 1151 677 Paridis
1183 634 1310 677 iacet.

99 713 273 745 PYRRH.
303 699 444 752 Quem
476 713 557 742 nec
588 698 770 741 deorum
809 694 1056 739 comminus
1095 695 1331 752 quisquam
1369 694 1493 751 petit.

99 774 245 807 AGAM.
279 760 565 817 Compescere
596 758 800 815 equidem
832 756 966 799 verba
997 758 1042 798 et
1072 756 1282 799 audacem
1315 757 1432 799 malo

30 832 44 845 ⁶
100 826 299 881 poteram
332 821 527 877 domare3
560 820 636 863 sed
666 834 791 862 meus
823 817 964 874 captis
996 831 1173 873 quoque
1423 827 1495 860 350

101 885 185 928 scit
216 883 393 940 parcere
425 883 554 925 ensis.
616 880 767 937 potius
799 880 1013 934 interpres
1045 877 1176 921 deum

100 943 288 988 Calchas
319 946 517 987 vocetur:
548 942 642 986 fata
673 941 711 984 si
742 942 944 997 poscent,
976 938 1103 982 dabo.

192 1004 260 1049 Tu
292 1004 371 1061 qui
400 1003 613 1061 Pelasgae
642 1002 790 1045 vincla
820 1000 994 1044 solvisti
1024 999 1111 1043 rati

101 1080 334 1121 morasque
366 1064 516 1119 bellis,
546 1065 639 1106 arte
671 1062 749 1118 qui
779 1075 946 1104 reseras
977 1061 1150 1117 polum,

102 1127 175 1171 cui
194 1127 422 1170 'viscerum
455 1126 640 1179 secreta,
671 1124 743 1166 cui
774 1121 929 1165 mundi
960 1121 1111 1178 fingor
1424 1131 1495 1165 355

102 1190 147 1231 et
178 1188 307 1231 stella
336 1188 472 1243 longa
502 1185 706 1229 semitam
737 1183 918 1227 flamma
946 1181 1125 1225 trahens

103 1249 210 1291 dant
241 1248 368 1305 signa
397 1247 499 1302 fati,
530 1246 656 1288 euius
688 1244 859 1302 ingenti
891 1241 1001 1286 mihi

103 1309 300 1352 mercede
332 1309 536 1350 constant
568 1321 661 1349 ora:
694 1305 802 1362 quid
833 1304 983 1347 iubeat
1014 1303 1121 1346 deus

103 1370 253 1426 effare,
285 1367 490 1423 Calchas,
521 1382 691 1423 nosque
724 1365 909 1410 consilio
941 1379 1057 1422 rege.

105 1442 208 1474 GAL.
240 1429 361 1473 Dant
390 1429 483 1472 fata
513 1428 679 1471 Danais
712 1442 802 1484 quo
834 1426 979 1469 solent
1009 1425 1153 1482 pretio
1185 1426 1322 1468 viam:
1425 1435 1497 1468 360

104 1490 337 1535 mactanda
366 1490 493 1547 virgo
526 1492 594 1532 est
625 1487 825 1531 Thessali
858 1487 990 1530 busto
1021 1486 1164 1542 ducis3

104 1552 180 1596 sed
212 1566 300 1608 quo
332 1551 477 1608 iugari
507 1549 743 1592 Thessalae
776 1548 899 1592 cultu
931 1547 1075 1590 solent

103 1612 332 1656 Ionidesve
364 1612 435 1654 vel
465 1610 729 1668 Mycenaeae
760 1623 917 1663 nume,

105 1673 301 1730 Pyrrhus
333 1673 507 1729 parenti
539 1672 774 1728 coniugem
804 1669 951 1712 tradat
983 1682 1082 1711 suo:

106 1735 170 1778 sic
201 1735 284 1777 rite
316 1733 503 1776 dabitur.
565 1746 657 1775 non
687 1734 835 1774 tamen
865 1731 1041 1773 nostras
1073 1731 1194 1772 tenet
1425 1740 1496 1772 365

104 1794 215 1838 haec
244 1809 333 1837 una
364 1808 535 1849 puppes
568 1807 718 1836 causa:
749 1791 944 1834 nobilior
973 1792 1071 1845 tuo,

105 1855 347 1912 Polyxene,
379 1869 532 1898 cruore
565 1852 748 1896 debetur
779 1866 919 1895 cruor.

106 1931 237 1973 quem
268 1915 360 1958 fata
393 1917 627 1971 qua-erunt,
657 1916 778 1956 turre
811 1912 863 1955 de
896 1925 1070 1955 summa
1101 1911 1229 1954 cadat

106 1975 271 2020 Priami
302 1990 440 2032 nepos
472 1974 718 2018 Hectoreus
751 1975 795 2016 et
824 1973 964 2016 letum
996 1974 1188 2028 oppetat.

105 2039 202 2080 tum
234 2037 356 2080 mille
387 2035 496 2080 velis
529 2036 712 2092 impleat
743 2034 896 2078 classis
926 2033 1051 2076 freta.
1428 2042 1500 2075 370

200 2160 287 2203 post
311 2158 384 2191 ³40
408 2154 702 2203 Aqamemmn-is
733 2153 940 2190 orationem
970 2151 1151 2190 excidisse
1181 2155 1301 2190 censet
1325 2151 1463 2197 Peiper
1487 2151 1499 2163 ”

109 2206 181 2240 848
206 2214 374 2250 aequora
397 2207 428 2239 B
459 2203 507 2248 cf.
533 2202 614 2239 Leo
638 2203 735 2238 159
771 2202 785 2248 fl
822 2204 894 2237 349
925 2200 1027 2237 male
1060 2212 1086 2237 τ
1123 2202 1136 2247 η
1174 2202 1240 2236 851
1272 2199 1407 2237 diuum
1431 2203 1461 2235 B
1486 2157 1500 2247 Η

109 2254 183 2288 838
206 2254 370 2299 poscunt
394 2255 425 2288 Δ
453 2253 466 2298 ΙΙ
498 2253 570 2288 ³⁵4
599 2249 695 2286 belli
719 2254 749 2285 Ε
781 2251 795 2297 u
825 2252 896 2285 85⁷
924 2249 992 2286 dat
1017 2261 1056 2286 ω
1087 2260 1181 2286 corr.
1209 2260 1235 2285 τ
1273 2250 1287 2295 fl
1324 2251 1397 2284 ³59
1422 2246 1499 2283 cal-

110 2311 157 2336 ca
174 2303 206 2336 A
229 2300 333 2348 11863
358 2300 513 2337 ionidae
539 2310 631 2336 snae
662 2303 691 2335 Ε
728 2298 855 2335 loides
881 2298 1004 2335 chsi
1055 2309 1112 2342 er,
1147 2296 1300 2335 lnoides
1326 2297 1463 2342 Peiper
1486 2296 1500 2343 ῘΙ

108 2351 181 2385 888
207 2361 242 2395 q.
263 2347 288 2383 f.
310 2360 346 2394 q.
369 2349 466 2386 dura
489 2348 681 2385 reclusum
707 2347 825 2383 cadat
848 2349 879 2382 Δ
898 2349 911 2393 ss
930 2350 1001 2383 869
1081 2346 1180 2382 'amo
1206 2349 1236 2382 Ε
