1618 2554
634 141 942 179 PHOENISSAE
1391 143 1418 184 .1
1428 143 1448 184 1
1459 143 1479 184 1

102 256 234 298 quam
265 255 402 298 paene
435 244 574 285 mater
605 241 746 286 maius
778 241 929 298 aspexi
959 241 1101 298 nefas,

103 316 235 358 quam
267 302 388 359 quod
418 302 550 346 miser
579 302 727 346 videre
757 317 848 345 non
879 302 1028 359 potuit
1056 305 1191 360 pater.

101 363 206 407 licet
234 363 393 406 timore
424 362 632 408 facinoris
661 363 776 407 tanti
807 377 958 407 vacem

100 423 358 481 videamque
390 424 478 468 iam
507 424 573 467 nil
602 424 710 480 tale,
740 439 836 469 sum
870 423 1025 468 infelix
1055 426 1205 468 tamen

100 485 220 540 quod
250 499 388 541 paene
418 484 521 527 vidi.
582 499 661 542 per
691 485 841 528 decem
871 498 1072 528 mensum
1105 500 1258 543 graves
1413 495 1483 528 535

100 546 214 589 uteri
245 545 419 591 labores
450 560 615 602 perque
645 545 855 602 pietatem
887 546 1064 589 inclitae

99 620 255 663 precor
279 607 441 650 sororis
474 609 518 650 et
547 620 628 664 per
657 607 759 650 irati
791 606 877 650 sibi

100 681 234 725 genas
264 667 478 725 parentis,
509 667 671 712 scelere
704 683 813 724 quas
843 667 966 710 nullo
998 682 1180 724 nocens,

100 728 258 772 erroris
289 743 317 773 a
347 742 394 773 se
425 727 520 773 dira
550 729 769 786 supplicia.
799 728 998 786 exigens,

98 788 263 832 hausit:
295 789 505 834 nefandas
536 789 767 833 moenibus
798 789 952 846 patriis
983 789 1101 833 faces
1414 800 1485 833 540

99 851 264 906 averte,
301 850 429 909 signa.
458 849 607 896 bellici
635 853 753 894 retro
786 850 975 908 agminis

99 910 226 955 flecte
257 936 317 942 -
347 913 399 956 ut
427 911 622 967 recedas,
653 925 815 969 magna
844 924 947 967 pars
979 911 1153 954 sceleris
1185 914 1333 955 tamen

100 971 234 1015 vestri
263 973 441 1027 peracta
472 973 554 1015 est:
590 971 702 1015 vidit
730 971 884 1015 hostili
915 986 1047 1029 grege

100 1046 279 1089 campos
309 1031 470 1089 repleri
499 1032 664 1089 patria,
691 1032 913 1090 fulgentes
944 1033 1098 1088 procul

100 1093 232 1136 armis
265 1095 459 1137 catervas
491 1092 619 1148 vidit,
650 1093 850 1150 equitatu
881 1093 968 1137 levi
1414 1105 1484 1137 545

101 1152 291 1197 Cadmea
320 1153 466 1212 frangi
497 1155 624 1223 prete,
653 1156 699 1197 et
729 1154 924 1197 excelsos
955 1155 1064 1198 rotis

100 1214 284 1259 volitare
314 1228 535 1273 procel-ee,
566 1215 669 1273 igne
699 1214 935 1272 flagrantes
966 1215 1113 1258 trabes

99 1275 288 1332 fumare,
319 1275 454 1319 cineri
486 1290 597 1332 quae
628 1277 786 1332 petunt
816 1278 988 1319 nostras
1020 1276 1194 1332 domos,

99 1335 343 1392 fratresque
375 1334 566 1395 (facinus
598 1336 717 1393 quod
747 1351 911 1379 novum
945 1339 988 1379 et
1019 1335 1181 1380 Thebis
1212 1335 1316 1395 fuit)

99 1397 147 1442 in
179 1411 225 1440 se
254 1399 448 1440 ruentes:
479 1399 600 1441 totus
630 1396 716 1440 hoc
748 1397 980 1453 exercitus,
1413 1409 1484 1441 550

98 1457 185 1501 hoo
214 1459 406 1514 populus
439 1458 600 1514 omnis,
629 1460 816 1515 utraque
846 1457 931 1501 hoc
962 1457 1074 1501 vidit
1103 1473 1227 1502 soror

101 1519 387 1576 genetrixque
418 1519 525 1562 vidi:
557 1534 659 1562 nam
692 1521 817 1576 pater
848 1518 977 1562 debet
1008 1519 1092 1562 sibi

101 1579 219 1635 quod
251 1579 336 1623 ista
366 1594 458 1623 non
488 1579 714 1637 spectavit.
777 1581 977 1623 occurrat
1006 1580 1090 1623 tibi

99 1653 218 1683 nunc
249 1639 459 1696 Oedipus,
492 1655 580 1697 quo
611 1640 754 1684 iudice
786 1640 943 1684 erroris
976 1654 1150 1697 quoque

101 1715 268 1757 poenae
301 1703 520 1758 petuntur.
582 1716 658 1757 ne,
688 1716 854 1758 precor,
885 1701 1001 1744 ferro
1035 1716 1137 1744 erne
1411 1711 1481 1745 555

100 1762 288 1818 patriam
321 1776 371 1805 ac
402 1764 582 1818 penates
613 1777 743 1818 neve,
776 1777 884 1818 quas
914 1776 1064 1819 regere
1097 1762 1284 1819 expetis,

102 1825 246 1866 everte
276 1821 462 1866 Thebas.
524 1823 623 1879 quis
654 1825 775 1866 tenet
806 1825 997 1866 mentem
1027 1822 1179 1866 furor?

101 1883 288 1939 petendo
320 1884 507 1940 patriam
539 1883 714 1940 perdis?
745 1886 796 1926 ut
826 1884 904 1927 fiat
933 1886 1027 1936 tua.

101 1943 167 1986 vis
200 1958 293 1987 esse
325 1944 521 1987 nullam?
554 1944 662 2001 quin
692 1946 794 1987 tuae
826 1958 980 1988 causae
1011 1947 1140 1988 nocet

101 2004 247 2061 ipsum
277 2004 363 2048 hoc
395 2005 513 2061 quod
545 2005 676 2048 armis
707 2005 798 2048 uris
830 2004 1000 2048 infestis
1033 2005 1176 2049 solum
1412 2015 1483 2049 560

102 2068 356 2122 segetesque
388 2066 557 2108 adultas
590 2066 747 2109 sternis
779 2068 823 2109 et
853 2067 970 2109 totos
1001 2065 1152 2123 fugam

103 2125 193 2169 edis
224 2140 304 2182 per
334 2140 480 2184 agros:
511 2141 640 2170 nemo
674 2127 738 2170 sic
768 2129 911 2170 vastat
942 2141 1038 2184 sua3

200 2247 270 2281 533
296 2244 430 2281 timere
456 2244 481 2280 f.
502 2245 529 2281 t.
550 2245 675 2282 uicem
701 2247 751 2281 At
774 2247 787 2292 fl
819 2248 888 2282 535
914 2244 1102 2282 mensium
1127 2248 1157 2280 A
1189 2245 1202 2290 Η
1240 2248 1310 2281 536
1336 2244 1483 2292 pietate

102 2292 256 2329 inclitas
270 2295 301 2329 A
320 2295 333 2341 ss
352 2296 421 2330 537
442 2305 587 2330 sorores
600 2296 631 2330 A
649 2295 662 2340 11
682 2296 754 2330 539
773 2294 868 2330 dura
886 2296 937 2330 Δτ
960 2295 973 2341 u
994 2297 1062 2330 548
1083 2294 1219 2341 petant
1232 2293 1283 2330 N.
1299 2293 1483 2330 Heinsius

99 2353 138 2387 p
161 2344 210 2378 58
229 2342 241 2387 ΙΙ
262 2344 328 2377 551
347 2340 386 2378 et
403 2342 568 2390 populus
587 2346 619 2378 A
639 2344 710 2387 (sic
721 2343 896 2390 Bentley)
918 2345 925 2388 1
947 2345 1149 2388 utramque
1167 2346 1196 2377 Ε
1220 2343 1258 2378 et
1276 2343 1438 2387 utraque
1452 2344 1483 2376 A

103 2401 197 2427 corr.
216 2391 352 2436 Peiper
378 2390 427 2436 (h.
454 2403 490 2437 p.
516 2391 709 2436 utrimque
734 2403 767 2427 o.
796 2390 840 2427 L.
864 2391 1019 2436 Muller)
1054 2393 1066 2437 Η
1105 2394 1175 2425 552
1200 2389 1301 2427 uidit
1326 2402 1363 2426 ω
1388 2401 1480 2426 corr.

103 2439 136 2474 I
161 2439 310 2476 Gronov
335 2440 348 2485 ⁸}
376 2442 443 2474 553
471 2450 537 2476 om.
565 2442 741 2485 Δτ11560
768 2439 882 2475 armis
907 2439 1045 2475 uestris
1072 2442 1121 2474 A
1146 2441 1158 2484 n
1178 2442 1243 2474 561
1269 2439 1483 2476 aduetasA
