1618 2554
472 109 734 148 imme
753 109 1012 159 [omms]
1339 110 1426 155 351

54 220 173 252 nunc
202 209 346 265 poscit
375 209 531 253 unda-s:
560 209 679 252 unda
707 223 797 253 non
827 209 965 254 vincit
995 209 1185 264 melum3·
1358 219 1429 253 835

54 269 288 313 fluctisona
316 269 489 325 quaerit
516 270 648 313 litora
677 273 722 313 et
752 273 935 326 pontum
970 273 1171 326 occupat:

55 329 281 372 famularis
313 329 439 372 illum
468 330 628 374 retinet
658 333 873 374 errantem
905 343 1069 373 manus.

56 403 82 432 o
113 392 274 433 sortem
307 389 524 433 acerbam!
555 390 719 433 fuimus
744 389 924 433 Alcidae
955 403 1091 447 pares.

54 463 172 493 nunc
201 450 361 506 puppis
393 451 518 493 illum
549 450 678 494 litore
707 449 908 494 Euboico
938 450 1070 493 refert

54 508 301 567 Austerque
330 511 444 554 lenis
474 511 645 566 pondus
676 509 942 555 Herculeum
973 511 1106 567 rapit;
1357 521 1428 555 840

54 570 254 614 destituit
285 571 455 614 animus
487 571 698 626 membra,
729 585 816 614 nox
849 572 999 615 oculos
1030 572 1199 627 premit.

53 641 149 673 DEI.
174 629 301 687 Quid,
318 632 474 686 anime,
493 632 665 674 cessas?
684 631 790 688 quid
809 632 987 688 stupes?
1006 631 1171 675 factum
1190 633 1258 675 est
1275 632 1429 687 scelus,

52 694 205 734 natum
236 692 427 748 reposcit
457 690 666 747 Iuppiter,
695 690 807 735 Iuno
838 692 1070 735 aemulum.

53 751 295 795 reddendus
327 751 423 795 orbi
454 756 538 806 est3
570 752 685 808 quod
717 754 844 808 potes
873 752 1003 795 redde
1036 752 1211 795 exhibe:

53 815 124 855 eut
153 827 232 869 per
260 815 381 855 artus
412 813 527 856 ensis
558 815 735 855 exactus
767 826 897 855 meos.
1356 822 1426 855 845

52 873 134 927 sic,
164 873 227 916 sic
256 872 474 931 agendum
506 875 582 916 est.
644 875 734 915 tam
766 873 874 915 levis
906 887 1068 929 poenas
1100 887 1255 916 munus

51 935 196 976 tuntas
226 933 445 988 reposcit?
477 932 608 990 perde
640 932 917 988 fulminibus,
948 947 1082 987 socer,

51 1008 210 1037 nurum
243 993 480 1036 scelestam.
542 1007 623 1037 nec
654 994 741 1036 levi
772 994 860 1036 telo
893 1008 1046 1036 manus

51 1056 258 1097 armetur:
292 1053 400 1096 illud
431 1054 598 1096 fulmffl
630 1053 781 1096 exiliat
810 1054 932 1110 polo,

51 1129 158 1170 quo,
189 1114 273 1156 nisi
305 1114 460 1157 fuisset
491 1114 664 1171 genitus
690 1112 864 1157 Alcides
895 1114 998 1169 tibi,
1354 1124 1425 1156 860

50 1173 232 1230 hydram
266 1189 518 1217 cremenses:
550 1177 717 1230 pestem
749 1178 798 1217 ut
830 1175 1051 1218 insolitam
1081 1174 1165 1217 feri

51 1237 95 1278 et
124 1238 175 1277 ut
204 1247 391 1277 noverca
422 1235 570 1290 potius
602 1235 713 1277 irata
742 1235 919 1277 malum.

51 1295 202 1338 emitte
232 1293 369 1337 telum
403 1294 531 1351 quale
561 1295 608 1338 in
639 1298 853 1337 errantem
885 1296 1006 1363 prius

50 1354 326 1398 Phaethonte
357 1356 537 1398 missum
570 1357 652 1398 est:
685 1355 853 1410 perdidi
883 1355 928 1398 in
961 1355 1054 1397 solo
1086 1354 1275 1398 Hercule

50 1419 94 1458 et
124 1416 220 1472 ipsa
249 1415 449 1472 populos.
513 1415 618 1472 quid
648 1429 778 1472 rogas
810 1416 945 1458 telum
978 1415 1111 1458 deos?
1353 1425 1423 1458 866

50 1476 137 1519 iam
169 1490 298 1532 parce
329 1489 497 1520 socero:
529 1476 759 1532 coniugem
787 1474 966 1518 Alcidae
997 1490 1146 1519 necem

51 1539 201 1593 optare
233 1536 410 1593 pudeat:
442 1535 549 1579 haec
581 1536 663 1579 erit
693 1539 797 1579 voto
830 1550 1002 1591 manus,

48 1611 75 1640 a
105 1611 175 1640 me
205 1599 396 1653 petatur3
429 1610 594 1652 occupa
623 1596 787 1639 ferrum
820 1596 953 1639 ocius.

48 1670 126 1700 cur
156 1656 309 1700 deinde
339 1657 533 1700 ferrum?
565 1657 771 1712 quicquid
803 1656 857 1699 ad
889 1660 1074 1699 mortem
1106 1655 1243 1699 trahit

48 1717 187 1760 telum
219 1720 285 1759 est
315 1717 504 1760 abunde:
537 1732 644 1773 rupe
675 1716 730 1759 ab
761 1715 953 1759 aetheria
984 1717 1107 1759 ferar.
1352 1726 1422 1760 880

47 1775 173 1832 haec,
203 1775 310 1820 haec
341 1780 539 1820 renatum
571 1778 713 1834 prime
745 1791 855 1833 quae
887 1778 1028 1833 poscit
1060 1776 1192 1831 diem,

47 1835 157 1880 Oeta
187 1837 385 1894 eligatur,
416 1852 574 1894 corpus
605 1837 709 1880 hinc
740 1838 855 1880 mitti
888 1838 1047 1893 placet3

47 1896 235 1954 abrupta
264 1901 411 1941 cautes
443 1898 611 1941 scindat
642 1901 686 1941 et
717 1902 882 1953 partem
916 1898 1000 1940 mei

45 1957 158 2001 ferat
189 1971 318 2000 omne
348 1971 520 2014 auxum,
551 1958 768 2014 pendeant
799 1958 964 2001 lacerae
995 1972 1148 2001 manus

144 2054 215 2087 888
239 2053 281 2088 et
303 2053 396 2089 notu
420 2053 571 2097 quaerit
596 2056 626 2087 A
647 2054 653 2097 1
676 2052 806 2088 littora
831 2055 860 2087 1
880 2054 892 2098 11
912 2055 982 2087 888
1007 2051 1101 2088 Eub.
1126 2050 1215 2087 ferit
1240 2055 1269 2086 Β
1294 2051 1418 2087 ferens

45 2099 97 2136 N.
107 2099 292 2138 Heium
304 2111 344 2147 p
363 2103 440 2137 406
463 2100 570 2136 vehit
590 2101 740 2138 Gronov
757 2103 771 2146 11
790 2104 860 2136 848
886 2103 944 2136 est
969 2112 1035 2137 om.
1056 2103 1087 2136 A
1106 2103 1120 2146 11
1139 2103 1209 2135 844
1234 2102 1361 2146 potest
1380 2112 1418 2136 ω

44 2158 135 2185 corr.
154 2147 305 2185 Gronov
317 2148 458 2192 (efiTh
452 2160 493 2232 g.
508 2152 572 2193 15)
595 2151 602 2194 1
623 2147 731 2184 reddi
745 2152 775 2184 A
793 2152 806 2195 11
826 2152 894 2184 845
916 2151 1109 2185 exacto-1:
1127 2150 1142 2194 11
1160 2152 1229 2183 841
1249 2147 1365 2183 redde
1380 2160 1418 2184 ω

44 2206 138 2233 corr.
168 2195 382 2244 Rapheliny
410 2198 451 2233 to
482 2207 504 2234 e
527 2205 566 2240 ψ
589 2199 595 2242 1
617 2197 641 2232 f.
669 2207 802 2243 precor
825 2199 987 2242 311860
1012 2197 1053 2232 ni
1077 2199 1108 2232 A
1133 2198 1145 2242 11
1171 2199 1236 2231 851
1262 2206 1416 2232 cremus.

46 2244 98 2280 sis
117 2247 146 2280 1
165 2245 178 2289 11
196 2246 269 2280 868
288 2245 328 2281 et
344 2245 388 2280 tn
406 2249 435 2281 B
457 2247 464 2291 1
484 2257 572 2282 nou.
592 2245 702 2292 peius
721 2249 752 2281 A
770 2247 782 2290 11
802 2248 872 2280 854
897 2244 1047 2291 perdidi
1067 2244 1150 2281 sola
1168 2243 1369 2280 Herculem
1388 2248 1416 2279 Ε

44 2304 82 2338 p.
110 2293 240 2338 erepto
266 2291 428 2330 Hercule
452 2296 484 2329 A
508 2305 599 2330 corr.
621 2293 671 2329 N.
692 2293 876 2330 Heinsius
898 2305 937 2339 p.
958 2295 1153 2338 40611858
1178 2292 1332 2338 coniugi
1357 2295 1416 2326 1

0 2379 3 2383 ,
46 2343 115 2375 887
135 2339 208 2375 hoc
227 2341 258 2374 A
279 2341 285 2386 1
306 2342 436 2377 votum
459 2341 583 2377 maius
602 2344 633 2376 A
651 2344 665 2387 11
684 2344 753 2376 858
779 2345 976 2387 occupata,
1001 2342 1064 2377 sed
1088 2343 1131 2376 ta
1149 2344 1317 2385 exptmct.
1338 2340 1385 2374 3¹

46 2391 117 2423 888
144 2392 234 2424 cur?
259 2387 369 2425 deme
393 2401 422 2425 α
445 2392 451 2435 1
471 2390 511 2426 in
537 2391 699 2425 mortem
722 2393 753 2424 A
771 2391 784 2434 11
803 2392 874 2424 888
900 2388 1050 2425 Oceano
1076 2388 1242 2435 eligetur
1265 2391 1294 2422 E
