1618 2554
127 105 216 141 VIII
675 106 952 143 PRAEFATIO

126 209 279 248 inserta
309 222 347 259 p.
370 209 394 247 5
410 221 466 259 sq.
500 205 672 263 docui.*)
724 208 972 250 Gravissima
1003 223 1099 251 vero
1122 209 1249 250 Leoni
1280 212 1498 253 auctoritas

126 270 268 319 postea
294 270 461 309 accessit
485 268 670 308 Owwoms
702 270 924 310 Rmnncxn
955 271 1115 324 integra
1145 271 1293 312 codicis
1325 272 1498 323 collatio,

128 330 222 368 ante
252 329 401 370 multos
434 342 559 369 annos
590 329 640 368 ab
674 343 720 370 eo
750 325 1010 385 confecta,**)
1043 345 1122 371 non
1154 333 1292 372 tamen
1323 343 1532 384 unquam·

126 389 279 441 publici
297 391 395 429 iuris
414 390 535 443 facta,
554 392 649 443 post
674 392 826 443 egregii
851 391 928 431 viri
954 393 1126 432 mortem
1146 391 1339 432 Creone-10
1357 390 1502 433 Gomz

128 450 257 490 amico
289 451 558 490 intercedente
590 451 835 491 liberalitate
873 454 915 491 et
944 451 1226 492 benevolentia
1262 456 1397 493 uxoris
1436 465 1501 494 su·

127 510 308 561 perstitis
339 511 440 550 mihi
472 510 635 551 credita.
689 511 778 558 Qua
809 511 1025 564 diligenter
1056 513 1285 553 examinata
1315 514 1502 555 omnibus

127 583 255 622 paene
287 571 386 610 locis
417 571 526 610 idem
557 571 702 624 legisse
739 575 973 624 utrumque,
1011 586 1212 625 perpauca
1244 573 1294 613 ab
1326 586 1406 615 uno
1437 575 1503 614 vel

128 631 256 670 altero
276 632 461 683 neglecta
481 645 565 672 esse
592 633 785 672 affirmari
804 634 948 685 potest.
1002 631 1266 686 Spicilegium
1284 635 1503 676 lectionum

128 690 221 730 dedi
258 692 346 731 loco
386 705 508 743 supra-
546 688 602 747 (n.
633 688 677 747 1)
708 696 930 733 memorato
960 707 999 745 p.
1022 695 1077 733 29
1092 706 1179 745 sqq.
1244 694 1428 735 Ceterum
1458 697 1502 735 in

128 752 336 791 enotandis
369 753 513 803 optimi
537 753 631 792 libri
664 754 873 805 scripturis
905 767 986 793 non
1015 755 1131 794 anxie
1158 756 1308 806 curavi,
1333 757 1380 795 ut
1409 757 1505 808 post

127 811 304 867 Leonem
336 826 493 852 omnem
524 813 708 853 lectionis
747 814 1059 866 discrepantiam
1095 815 1282 868 religiose
1320 828 1410 856 cum
1446 816 1503 856 le-

126 873 314 924 gentibus
347 874 691 914 communicarem.
743 874 858 921 Quod
889 887 979 914 cum
1016 877 1286 926 praetermitti
1316 879 1503 928 nequeat,

128 933 164 972 si
194 932 232 971 id
269 934 416 985 agitur,
447 935 496 972 ut
527 934 575 973 de
608 935 755 975 codicis
784 935 919 975 indole
952 938 992 976 et
1016 937 1164 975 natura
1188 938 1377 977 certiores
1402 936 1504 977 fiant

128 992 317 1045 legentes,
350 996 486 1033 tamen
517 995 623 1034 iuste
655 996 858 1035 omittitur
887 995 959 1035 ubi
989 997 1084 1036 huic
1115 996 1312 1038 desiderio
1345 997 1503 1038 abunde

128 1054 381 1092 satisfactum
406 1056 467 1093 est
498 1049 600 1108 (Leo
619 1055 651 1106 Ι,
674 1059 695 1094 1
713 1051 830 1110 sqq.)
881 1057 961 1097 Eas
993 1056 1120 1109 igitur
1150 1059 1370 1109 scripturas
1403 1059 1502 1098 satis

127 1113 251 1152 habui
290 1115 493 1164 attulisse,
525 1116 669 1165 quibus
709 1117 806 1167 quid
842 1118 949 1156 inter
986 1120 1199 1169 utramque
1233 1120 1504 1158 recensionem

130 1174 353 1222 interesset,
386 1175 607 1215 luculenter
637 1179 810 1229 perspici
841 1179 989 1229 posset,
1021 1180 1172 1218 ceteras
1205 1180 1333 1218 omisi.

217 1234 351 1274 Minus
386 1235 558 1275 feliciter
596 1238 715 1276 cessit
751 1236 885 1277 Lnom
925 1239 1132 1290 negotium
1170 1239 1213 1277 in
1252 1239 1505 1279 restituenda

128 1296 369 1334 recensionis
413 1297 683 1348 interpolatae
727 1299 857 1337 forma
901 1299 1194 1349 antiquissima.
1262 1299 1369 1339 Nam
1413 1312 1501 1339 cum

225 1458 257 1504 ²³)
282 1457 339 1494 De
366 1460 553 1505 corruptis
574 1459 802 1505 quibusdam
823 1460 989 1498 Senecae
1007 1462 1293 1509 tragoediarum
1311 1462 1406 1499 locis
1426 1462 1502 1499 dis-

129 1505 280 1552 putavit
298 1505 340 1542 G.
355 1506 512 1544 Richter
530 1508 571 1543 in
587 1508 768 1554 Symbola
782 1510 979 1546 doctorum
993 1510 1016 1546 J
1018 1510 1166 1547 exiensis
1179 1510 1371 1558 gymnasii
1383 1509 1424 1546 in
1436 1509 1504 1547 ho·

129 1564 259 1589 norem
278 1566 403 1600 gymn.
426 1555 659 1592 Isenacensis
677 1557 848 1593 collecta.
887 1557 1006 1595 Jenae
1021 1562 1125 1594 1894.
1146 1571 1183 1605 p.
1197 1562 1314 1596 1-38
1327 1560 1460 1606 (caput
1473 1559 1500 1595 Ι.

130 1601 322 1644 Quantum
357 1604 595 1640 auctoritatis
630 1605 778 1652 vulgari
818 1606 1030 1642 recensioni
1065 1607 1126 1654 (A)
1159 1606 1404 1644 tribuendum
1441 1607 1502 1644 eit.

130 1661 213 1697 cap.
237 1649 282 1685 Π.
316 1650 435 1687 Varia
466 1653 703 1700 corruptelae
727 1665 869 1700 genera
898 1653 1152 1691 illustrantur.
1203 1656 1246 1692 A.
1261 1655 1318 1692 De
1342 1655 1502 1693 lacunis.

130 1709 213 1744 cap.
232 1698 295 1733 ΠΙ.
316 1698 359 1735 Β.
391 1699 447 1735 De
473 1711 647 1737 versuum
673 1702 805 1738 ordine
830 1703 996 1740 turbato.
1030 1714 1112 1751 cap.
1138 1702 1200 1740 IV.
1228 1702 1264 1739 C.
1292 1703 1504 1740 Verborum

131 1746 368 1792 corruptelae
394 1749 581 1792 quaedam
608 1751 883 1797 emendantur).

227 1807 278 1854 **“)
304 1807 463 1844 Aestate
489 1809 579 1844 anni
604 1809 867 1856 MDGCOLHI,
895 1812 941 1847 cf.
971 1811 1078 1848 ‘Otto
1102 1811 1295 1856 Ribbeck,
1328 1812 1390 1848 ein
1414 1811 1505 1849 Bild

132 1855 255 1891 seines
276 1855 434 1899 Lebena
456 1866 523 1892 aus
544 1857 673 1894 seinen
691 1856 845 1895 Briefen
874 1863 1122 1897 1846—1898.
1162 1859 1355 1907 Stuttgart
1381 1862 1502 1897 1901’.

129 1903 173 1939 In
193 1903 357 1950 epistola
376 1904 427 1939 ad
452 1907 627 1950 parentes
648 1906 866 1943 Florentiae
888 1907 1008 1943 XXV⁰
1033 1908 1097 1944 die
1118 1908 1260 1945 mensis
1279 1907 1385 1945 Junii
1411 1909 1505 1945 data.

130 1951 227 1988 haec
253 1951 402 1987 scribit:
440 1952 483 1989 In
508 1953 659 1989 meinen
683 1954 909 1992 h‘auslichen
928 1956 1229 2002 Mussestunden‚
1256 1956 1372 1993 deren
1396 1956 1506 1994 nicht

132 1998 378 2046 allzuwenige
399 1999 495 2044 sind,
511 2000 590 2037 lese
609 2001 671 2037 ich
687 2002 786 2048 jetzt
804 2003 870 2040 des
891 2003 995 2040 alten.
1009 2004 1202 2041 Sacchetti
1223 2008 1293 2041 300
1306 2004 1504 2051 Novellen‚

131 2047 230 2083 viele
248 2048 320 2083 mit
338 2047 503 2094 grossem
523 2049 665 2085 Genuss
686 2052 936 2097 verspeisend.
961 2074 1004 2079 —
1030 2052 1256 2089 Aul'serdem
1274 2052 1505 2100 lang-weilen

130 2095 234 2132 mich
253 2096 420 2132 Senecae
444 2097 667 2143 tragoediae
693 2098 888 2136 bisweilen
913 2101 1032 2146 mehr,
1056 2100 1113 2137 als
1140 2101 1203 2137 die
1229 2101 1368 2138 sehene
1391 2101 1504 2138 latei·

132 2143 262 2180 nische
295 2143 460 2190 Sprache
494 2145 635 2181 dulden
671 2146 802 2192 sollte,
842 2158 881 2184 es
919 2148 972 2185 ist
1010 2148 1104 2186 alles
1140 2149 1231 2186 eitel
1261 2148 1393 2197 Klopf-
1423 2149 1505 2186 und

133 2191 470 2239 Spiegelfechterei
503 2192 570 2228 der
600 2193 730 2237 Ηὸ119ς
764 2195 831 2231 der
861 2196 959 2232 Text
988 2197 1085 2233 wird
1117 2197 1211 2234 aber
1239 2197 1281 2233 in
1312 2197 1398 2234 sehr
1422 2209 1504 2234 ver·

132 2240 323 2276 besnerter
342 2239 493 2276 Gestalt
512 2252 579 2276 aus
598 2242 751 2278 meinen
769 2243 971 2281 Mfihsalen
996 2245 1264 2292 hervorgehen.
1300 2245 1505 2283 Trotzdem

133 2288 225 2325 aber
250 2289 342 2324 oder
367 2288 464 2325 eben
481 2289 570 2325 weil
594 2289 656 2325 ich
682 2301 810 2338 genug
833 2291 946 2337 habe,
966 2293 1054 2329 lass'
1080 2293 1143 2330 ich
1167 2294 1271 2330 mich
1292 2294 1400 2331 nicht
1423 2305 1504 2332 ver-

132 2336 269 2373 fi‘ihren
293 2337 392 2372 nach.
416 2336 523 2372 Ivrea
548 2349 590 2372 zu
619 2338 751 2383 gehen.
791 2339 867 2375 Der
892 2340 1045 2378 Mensch
1072 2342 1123 2378 ist
1147 2341 1262 2379 keine
1287 2342 1505 2379 varianten-

131 2384 325 2421 fressende
355 2385 482 2421 Bestie
508 2395 539 2421 e„
561 2397 594 2430 q.
614 2397 643 2420 s.
