1618 2554
139 122 196 165 32

245 2157 315 2190 ⁸5⁸
341 2153 451 2191 nobis
475 2157 503 2189 E
536 2154 644 2191 nobis
670 2158 700 2190 Δ
731 2157 777 2200 ef.
805 2156 881 2193 Leo
912 2157 940 2192 Ι
961 2159 1008 2193 33
1039 2159 1051 2204 ῃ
1082 2160 1154 2194 888

124 2244 126 2247 ,
152 2202 299 2251 Βοῶόξξ
324 2205 395 2238 870
420 2204 563 2239 crescet
588 2206 618 2238 Ε
655 2205 667 2249 ΙΙ
704 2206 774 2239 874
800 2204 943 2251 carpsit
968 2207 999 2240 A
1028 2205 1042 2253 Η
1078 2209 1147 2242 875
1177 2171 1320 2243 {homa
1345 2211 1523 2264 praefat-

574 119 613 154 L.
635 115 827 153 ANNAEI
853 114 1074 152 SENECAE

319 219 458 276 qualis
491 220 556 261 est
587 217 711 260 vobis
744 216 932 271 animus,
963 218 1130 258 remota

318 280 414 323 luce
446 293 545 322 cum
576 279 767 320 maestus
799 267 883 319 sibi
916 275 1099 332 quisque
1131 275 1266 318 sensit

320 339 523 382 obrutum
554 340 649 381 tota
679 339 810 393 caput
841 351 933 379 esse
965 335 1108 378 terra?

320 401 406 442 stat
437 398 568 442 chaos
601 397 781 441 densum
813 396 1101 452 tenebraeque
1133 398 1282 452 turpes

320 462 364 503 et
394 460 514 502 color
543 458 684 502 noctis
714 457 855 500 malus
888 469 938 500 ac
969 456 1135 499 silentis

322 520 459 563 otium
490 517 642 562 mundi
673 532 919 573 vacuaeque
950 517 1100 560 nubes.

412 578 516 623 Sera
545 593 626 622 nos
658 579 735 622 illo
767 577 925 621 referat
956 580 1174 622 senectus:

259 672 263 677 -
320 654 448 683 nemo
481 639 544 682 ad·
566 638 611 682 id
643 653 738 682 sero
771 638 908 693 venit,
939 637 1054 681 unde
1083 653 1346 694 numquam,

322 715 421 744 cum
453 700 588 743 semel
619 699 755 755 venit,
787 699 932 755 potuit
961 698 1138 755 reverti3

323 760 427 817 quid
457 760 578 803 iuvat
610 759 766 802 durum
797 773 1029 816 properare
1058 758 1241 802 fatum?

323 821 463 863 omnis
493 820 600 863 haec
630 820 801 877 magnis
832 834 943 877 vaga
974 819 1103 863 turba
1133 819 1260 862 terris

322 881 404 924 ibit
434 879 489 924 ad
519 895 667 924 manes
698 880 914 936 facietque
945 880 1074 924 inerti

322 942 418 984 vela
449 939 631 997 Cocyto:
663 941 745 984 tibi
776 940 930 984 crescit
963 955 1109 996 omne,

325 1004 368 1045 et
399 1001 516 1058 quod
548 1016 724 1044 occasus
757 1000 875 1044 videt
906 1003 950 1044 et
981 1001 1100 1058 quod
1132 1003 1264 1044 ortus.

323 1077 449 1118 parce
479 1061 690 1105 venturis:
722 1061 821 1118 tibi,
854 1075 989 1118 mors,
1020 1061 1235 1118 paramur.

324 1123 382 1165 sis
413 1123 515 1166 licet
546 1122 709 1179 segnis,
740 1136 1024 1178 properamus
1056 1121 1160 1179 ipsi:

323 1183 462 1238 prima
495 1197 603 1238 quae
634 1183 768 1225 vitam
802 1182 919 1225 dedit
949 1182 1075 1238 hora,
1108 1183 1260 1239 carpit.

551 1242 710 1285 Thebis
742 1244 856 1285 laeta
888 1242 978 1286 dies
1011 1242 1144 1287 adest.

462 1318 556 1346 aras
587 1303 753 1360 tangite
786 1303 1023 1360 supplices,

465 1364 648 1421 pingues
681 1363 845 1407 caedite
877 1364 1095 1421 victimas;

464 1424 701 1479 permixtae
732 1424 924 1467 maribus
955 1440 1092 1472 nurus

464 1484 693 1527 sollemnes
726 1484 893 1542 agitent
923 1484 1098 1540 choros;

464 1546 632 1587 cessent
662 1544 859 1601 deposito
890 1545 995 1603 iugo

465 1604 556 1647 arvi
585 1605 740 1648 fertilis
772 1605 951 1649 incolae.

553 1663 646 1706 Pax
676 1666 742 1708 est
774 1664 988 1709 Herculea
1018 1680 1150 1709 manu

464 1722 678 1767 Auroram
709 1725 823 1768 inter
853 1728 897 1769 et
926 1725 1191 1782 Hesperum,

466 1787 510 1826 et
542 1799 627 1840 qua
658 1786 724 1827 sol
755 1785 946 1830 medium
978 1789 1129 1830 tenens

466 1844 642 1887 umbras
674 1846 928 1902 corporibus
959 1850 1109 1905 negat3

470 1904 772 1961 quodcumque
804 1906 984 1949 alluitur
1003 1904 1009 1931 Γ
1015 1908 1157 1950 solum

466 1964 600 2022 longo
631 1964 822 2021 Tethyos
855 1966 1039 2022 ambitu,

467 2022 646 2068 Alcidae
678 2026 846 2069 domuit
876 2027 1010 2070 labor.

1442 345 1512 378 860

1443 647 1514 680 865

1446 950 1515 982 870

1447 1253 1526 1286 875*

1449 1556 1520 1588 880

1449 1857 1521 1890 885

1207 2158 1322 2195 oterit
1353 2158 1522 2215 Bentley,

151 2252 244 2290 titur
267 2254 296 2286 B
323 2250 329 2299 Ι
356 2250 545 2288 coniwncti
574 2251 655 2287 bini
685 2263 810 2289 versus
835 2257 984 2299 praeter
1003 2255 1187 2300 primum,
1219 2256 1286 2302 qm*
1309 2255 1525 2294 wncialobue

150 2300 310 2346 scriptae
333 2303 396 2343 eet,
420 2303 454 2335 et
479 2299 552 2336 duo
577 2299 793 2336 novissimos
820 2304 849 2335 Β
867 2302 880 2347 ΙΙ
899 2304 1089 2339 8315-877
1116 2303 1241 2348 adfert
1269 2303 1524 2348 Terentianus,

151 2348 198 2394 cf.
233 2347 354 2394 praef.
393 2357 474 2394 cap.
506 2347 558 2383 II
589 2348 603 2393 H
639 2351 708 2383 878
747 2359 850 2384 aram
894 2349 1031 2386 Terent.
1070 2351 1083 2396 ΙΙ
1120 2354 1189 2387 878
1228 2351 1414 2388 matribus
1451 2356 1480 2388 Ε
1511 2357 1524 2400 2!

153 2399 223 2432 888
249 2395 418 2432 abluitur
442 2398 472 2430 Δ
