1618 2554
689 101 968 139 PRAEFATIO
1379 99 1519 135 XXVII

199 224 250 251 ne
269 210 327 250 sic
345 208 498 249 hotot-is
513 202 556 262 (ί.
570 218 708 246 cuono
720 201 909 259 {Nescitis
924 216 1021 244 corr.
1037 199 1198 258 Peiper)
1211 202 1348 254 cupidi
1363 202 1516 242 areium

198 283 368 324 regnum
399 281 479 320 quo
510 272 631 308 uocat
663 261 706 321 (l.
739 260 889 319 iaceat)
922 266 1009 305 loeo

196 344 335 384 regem
366 343 447 370 non
479 329 636 369 faciunt
666 339 761 379 opes

200 404 281 431 non
312 392 443 430 uestes
476 384 520 443 (l.
552 382 696 441 vestis)
729 387 876 437 Tyriae
909 386 1019 426 color

200 465 281 492 non
312 451 457 490 frontis
489 451 587 489 nota
618 449 732 500 regia
764 442 806 501 (l.
839 444 993 498 regiae)

199 525 282 553 non
314 524 411 551 auro
444 509 597 550 nitidae
627 508 762 549 trabes

200 586 336 625 regem
366 584 503 624 regem
535 571 605 620 qui
637 563 679 623 (l.
711 581 781 608 rex
813 570 873 608 est
905 562 994 620 qui)
1027 567 1163 619 posuit
1193 567 1324 607 metus

162 642 180 675 1
201 634 244 673 et
274 632 354 672 djri
384 631 494 671 mala
524 630 698 682 pectoris

201 706 321 746 quem
351 704 432 732 non
466 691 632 731 ambitio
664 690 863 740 impotens

202 755 245 793 et
274 765 482 804 nunquam
513 750 670 792 stabilis
702 749 819 790 fauor

202 813 317 867 uulgi
346 812 583 865 praecipitis
614 812 760 850 mouet.

140 873 210 915 Sic
237 887 285 914 ex
310 873 505 923 Puteano,
531 872 691 912 conlato
718 870 770 911 ad
796 869 853 910 ed.
880 868 945 909 Fr.
973 868 1229 920 Tiliobrogae
1255 867 1522 907 Parisiensem

141 947 177 975 a.
210 936 324 976 1600
355 947 393 985 p.
417 934 516 982 145,
548 932 608 972 ed.
644 930 690 971 G.
721 923 970 981 Nordmeyer
1003 924 1270 983 (Fleckeiseni
1301 927 1523 967 Annalium

142 995 348 1049 Supplem.
369 993 464 1033 XIX
491 993 576 1032 263
592 986 642 1047 s.)
674 990 843 1031 eoi-recti
881 991 1072 1043 leguntur
1107 989 1153 1028 hi
1189 1001 1327 1028 versus
1366 989 1450 1027 iam
1479 989 1523 1027 in

141 1055 203 1096 ed.
235 1055 394 1095 Veneta
421 1054 537 1094 1494
569 1054 597 1092 f.
626 1053 699 1092 98²
731 1052 829 1092 extr.

239 1117 305 1156 10.
337 1115 399 1154 De
430 1113 637 1154 Boethio
668 1113 823 1165 ingenii
847 1110 1060 1150 Annaeani
1092 1111 1133 1150 et
1158 1110 1258 1149 artis
1282 1110 1386 1149 teste
1415 1109 1522 1149 loeu-

142 1176 368 1228 pletissimo
412 1174 462 1215 cf.
508 1186 556 1214 ea
601 1186 703 1225 quae
746 1173 790 1212 in
839 1171 1093 1223 praefatione
1142 1170 1289 1222 prioris
1334 1168 1523 1220 'editionis

143 1250 183 1288 p.
203 1236 283 1276 XII
314 1236 580 1287 exposuimus.
643 1233 823 1273 Indieem
854 1232 1034 1272 locorum
1070 1244 1118 1271 ex
1148 1229 1368 1283 tragoediis
1393 1232 1525 1269 trans-

144 1297 322 1337 latorum
339 1295 464 1336 habes
482 1297 526 1335 in
539 1294 699 1345 Peiperi
725 1293 901 1333 editione
923 1291 1219 1333 Consolationis
1243 1290 1525 1342 philosophiae

145 1352 329 1412 (Lipsiae
357 1349 494 1410 1871)
525 1369 564 1407 p.
593 1355 678 1395 228
694 1365 779 1405 sqq.

239 1420 308 1457 11.
333 1416 583 1457 Ennodius
609 1428 671 1467 op.
693 1414 747 1464 Π,
768 1414 837 1464 54,
861 1414 914 1452 14
942 1406 1109 1468 (Vogel3
1137 1412 1239 1462 299,
1260 1412 1317 1451 20
1342 1406 1525 1465 Hartel):

145 1477 442 1518 adulescentiae
473 1488 586 1516 meae
611 1475 778 1515 memini
808 1487 872 1515 me
907 1474 1052 1526 legisse
1078 1472 1327 1524 temporibus
1353 1471 1402 1512 de
1429 1483 1525 1523 quo-

145 1537 240 1579 dam
271 1537 425 1579 dietum

299 1598 407 1639 exuli
437 1596 603 1637 exilium
633 1596 808 1647 imperas
840 1608 913 1643 nee
944 1593 1016 1634 das
1048 1590 1171 1647 [Med.
1198 1606 1234 1632 v.
1259 1589 1366 1646 549]

147 1659 197 1699 cf.
228 1658 382 1699 Usener
411 1657 513 1697 Mus.
545 1656 671 1696 Rhen.
695 1657 763 1706 28,
785 1657 883 1695 391.
1234 1686 1237 1689 Α

243 1720 310 1759 12.
342 1718 628 1758 Priscianus
658 1717 751 1756 inst.
771 1715 831 1755 IV
859 1716 914 1754 68
942 1709 983 1770 (Ι
1003 1715 1103 1764 253,
1125 1714 1149 1753 6
1183 1708 1261 1768 H):

346 1792 370 1819 o
401 1780 539 1818 tamen
570 1779 613 1817 in
644 1777 720 1818 hoo
752 1770 954 1831 (compos)
986 1775 1071 1815 solo
1104 1774 1332 1825 corripitur.
1405 1823 1407 1826 .

150 1838 301 1879 Sen'eea
337 1841 381 1879 in
412 1838 595 1878 Phaedra
626 1832 774 1891 [710]:
817 1835 1041 1888 Hippolyte
1072 1847 1180 1874 nunc
1210 1848 1274 1874 me
1307 1830 1389 1887 [me
1420 1846 1527 1874 nunc

150 1912 197 1940 ex
233 1912 339 1939 nune
382 1912 447 1939 me
483 1910 582 1939 corr.
613 1896 979 1938 Halberstadimsis
1016 1891 1132 1949 liber]
1174 1896 1400 1946 compotem
1440 1895 1528 1935 voti

150 1959 251 2000 facis
284 1955 429 2013 [facias
461 1960 487 1999 1.
518 1958 721 1999 Halberst.
761 1959 801 1997 et
834 1956 1075 2007 Caroliruh„
1109 1956 1232 1996 facies
1270 1953 1440 1995 Senecae
1471 1950 1525 2007 Ε]

150 2021 243 2060 inst.
271 2019 330 2059 VI
357 2020 412 2059 68
447 2014 487 2074 (Ι
514 2020 613 2070 253,
642 2019 697 2059 10
729 2012 807 2072 H):
848 2016 891 2056 in
932 2016 1071 2057 eadem
1102 2012 1262 2071 [eodem
1323 2014 1526 2054 Halberstss

150 2080 294 2133 Agam.
323 2079 510 2119 Weleker
534 2092 592 2133 gr.
613 2078 678 2118 Tr.
698 2077 762 2118 ΠΙ
785 2073 921 2134 1448]
952 2076 1136 2128 compote
1161 2078 1257 2117 uoto
1283 2071 1378 2130 [Ag.
1407 2071 1526 2129 379}

151 2199 190 2238 V
223 2141 329 2255 5182)
346 2139 632 2180 Aldhelmus
666 2138 717 2178 ad
745 2137 950 2178 Aeireium
974 2150 1111 2190 regem
1139 2132 1254 2192 (Mai,
1280 2136 1393 2176 class.
1422 2137 1525 2175 auct.

191 2230 202 2251 ‚
338 2230 347 2240 .

153 2290 305 2328 audeat.
342 2290 546 2328 Probabile
572 2292 702 2326 tamen
727 2289 975 2335 interpretem
1000 2299 1085 2325 cum
1111 2287 1163 2323 ad
1187 2287 1255 2324 Th.
1269 2286 1405 2323 111476
1431 2287 1527 2322 haee

153 2338 356 2376 adnotaret
376 2338 561 2375 ‘Liber—
576 2337 714 2374 dicitur
728 2347 882 2384 rogasse
893 2335 1026 2373 Jovem
1045 2337 1088 2373 ut
1108 2347 1148 2373 se
1165 2338 1317 2383 patrem
1329 2334 1524 2382 probaret'

150 2395 357 2424 memorem
383 2387 499 2424 fuisse
525 2386 665 2423 Herc.I
685 2398 716 2423 v.
734 2389 779 2422 36
805 2386 968 2433 (patrem
994 2384 1193 2432 probavit).
